2738 4830
637 429 862 494 -174-

182 632 253 674 cum
276 608 477 673 substantivis
500 608 685 693 conjuncte3
706 607 761 671 sed
785 609 896 691 etiam,
919 611 1102 696 appositiva
1114 613 1140 694 ¹)
1162 633 1245 698 quae
1265 597 1314 677 νο-

69 736 71 739 ·
183 728 308 800 centur,
341 717 481 803 epitheta
513 715 573 778 hoc
603 715 673 778 loco
704 718 986 802 praetermittenda
1017 740 1080 782 non
1102 728 1184 783 sunt.
1229 717 1317 783 Talin

181 827 280 890 hebes
303 825 359 890 Or.
389 823 430 889 83
460 815 578 888 θάσσω
600 814 771 910 πάρεδρος
798 825 922 909 senech
950 824 1068 888 Troed.
1103 827 1181 891 139*
1204 815 1318 891 θάσσω

182 937 312 1019 σκηναῖς
347 927 486 1017 ἔφεδρος
514 927 797 1015 {tractemundum
828 931 944 996 Bacch.
979 932 1077 996 1111*
1112 931 1319 1020 χαμαιπετής

182 1037 297 1105 πίπτει
327 1035 409 1123 πρὸς
438 1031 549 1114 οὖδας.
592 1039 632 1103 In
665 1039 713 1102 his
741 1041 851 1124 igitur,
885 1048 920 1104 ut
952 1049 1047 1104 entes
1079 1064 1150 1107 cum
1183 1044 1318 1126 nominc,

182 1150 227 1213 sic
256 1170 326 1212 cum
358 1147 456 1211 verbo
489 1146 628 1233 epitheta
659 1146 794 1210 notionis
824 1147 959 1233 quadam
992 1149 1227 1214 necessitudine
1248 1171 1317 1213 con-

182 1258 290 1342 iuncta
311 1263 398 1337 sunt,
428 1255 472 1317 ita
494 1255 639 1340 quidem,
659 1264 695 1318 ut
714 1255 938 1336 membrorum,
960 1254 992 1319 in
1014 1256 1128 1342 quibus
1149 1257 1232 1320 heec
1251 1258 1319 1344 ipse

184 1365 331 1446 cernitur,
353 1361 547 1427 abundantia
567 1361 735 1426 statuenda
755 1362 803 1426 sit.

263 1472 315 1535 Ad
349 1481 524 1534 extremum
555 1471 587 1532 in
620 1471 679 1533 hoc
700 1469 803 1555 capite
832 1469 1023 1556 proferende
1054 1478 1147 1535 erunt
1168 1472 1318 1557 epitheta,

182 1601 315 1666 quorum
338 1600 529 1664 quemquam
547 1587 694 1640 neutrum
715 1577 892 1641 membrum
914 1599 985 1641 cum
1005 1580 1133 1642 nomine
1152 1579 1207 1643 vel
1222 1580 1319 1644 verbo

182 1685 418 1772 significationis
450 1686 638 1770 cognatione
674 1685 840 1768 cohaeret,
885 1685 1018 1749 alterum
1052 1694 1158 1749 temen
1191 1708 1314 1773 prorsus

181 1815 450 1881 supervacaneum
472 1815 540 1856 esse
563 1794 716 1857 videmus.
743 1792 873 1856 Partem
887 1802 992 1856 autem
1012 1792 1125 1856 horum
1147 1796 1312 1857 maximnm

183 1925 220 1966 ea
241 1901 391 1984 efficiunt,
413 1902 543 1986 quaein
566 1892 678 1987 -αιδὴς,
700 1890 837 1986 (κύσας),
860 1895 949 1987 -ώψ,
970 1891 1077 1988 «ἦρος,
1099 1901 1311 1977 -πολσςιίισί-

185 2009 226 2072 lie
249 2007 414 2089 desinunt,
447 2007 561 2093 quibus
583 2007 734 2071 nonnulla
755 2009 816 2072 elie
836 2017 1002 2094 praeterea
1022 2008 1179 2072 accedunt
1200 2011 1235 2094 (ξ
1256 2010 1311 2092 79).

265 2138 356 2204 Haec
377 2139 418 2203 de
449 2140 663 2204 membrorum
684 2139 878 2204 abundantis
897 2140 930 2203 in
960 2141 1145 2204 universum
1177 2162 1310 2227 praemo-

184 2247 290 2312 nenda
312 2255 416 2329 erent3
437 2269 521 2310 nunc
541 2246 666 2331 singule
687 2268 900 2334 proponemus
922 2246 1075 2334 exempla.

265 2379 356 2460 575.
399 2377 613 2442 Enumerandi
645 2378 767 2443 initium
798 2379 838 2443 eb
860 2379 1063 2468 imperfecte,
1095 2402 1191 2466 quam
1213 2381 1310 2446 volui-

184 2511 274 2573 mus,
304 2486 498 2551 abundantia
519 2485 679 2550 faciamus.
730 2486 780 2552 Ac
801 2489 938 2573 primum
959 2486 1088 2573 quidem
1120 2496 1228 2575 partes
1251 2510 1309 2552 cor·

183 2598 269 2685 poris
290 2595 420 2659 humani
434 2616 499 2657 non
513 2615 585 2657 raro
599 2593 712 2657 talibus
728 2594 874 2681 epithetis
890 2603 1091 2678 exornantur,
1113 2616 1249 2680 quorum
1269 2616 1310 2658 se·

184 2703 293 2768 cundis
324 2701 474 2766 membris
504 2722 599 2765 sensu
628 2724 729 2788 paene
759 2702 962 2768 delitescente
990 2711 1090 2767 totum
1113 2704 1309 2790 exprimetur,

183 2812 215 2874 in
236 2833 305 2899 quo*
320 2810 409 2897 ipsse
430 2808 501 2872 illae
523 2810 770 2896 conspiciantur3
793 2810 838 2873 sic
864 2808 962 2897 Hipp.
984 2810 1063 2875 200*
1083 2801 1190 2891 λάβετ’
1209 2800 1310 2895 esini·

183 2939 253 2999 χεις
280 2910 408 3003 χιῖρας;
439 2955 478 2964 -
513 2915 629 2979 Bacch.
664 2917 742 2981 112*
772 2915 981 3001 λευκοτρίχων
1013 2912 1204 3000 alencium
1229 2955 1262 2966 -
1284 2939 1311 2981 v.

186 3027 244 3090 169
264 3025 366 3089 κῶλον
386 3019 459 3108 ἄγει
479 3014 645 3104 ταχύπουν
665 3013 859 3111 σκιρτήμασι
887 3018 1017 3109 Βάκχας
1041 3063 1075 3073 -
1099 3024 1131 3092 J.
1156 3029 1196 3090 A.
1221 3025 1311 3092 1080*

184 3122 377 3212 καλλικόμαν
403 3123 587 3214 πλόκαμσνς
608 3130 649 3195 cf.
671 3129 786 3195 Bacch.
810 3131 889 3196 1206
911 3130 946 3216 (ξ
972 3132 1011 3197 72
1031 3156 1062 3219 p.
1086 3133 1176 3216 164),
1205 3133 1312 3219 quibus

184 3239 315 3303 accedet
335 3248 465 3326 propter
485 3237 729 3320 similitudinem,
752 3260 944 3324 quemquem
966 3238 1005 3303 de
1027 3240 1174 3304 columba
1195 3240 1312 3322 dicitur,

80 3335 82 3339 ’
184 3347 259 3413 Jon.
288 3346 366 3411 1207
390 3343 642 3432 φοινικοσκελεῖς
669 3336 779 3430 χηλάς.
822 3344 966 3409 Invicem
999 3347 1194 3412 substantivo
1216 3356 1313 3413 totum

185 3452 351 3518 exhibetur
384 3453 472 3539 cujus
502 3474 576 3539 pars
608 3452 709 3517 altero
742 3451 872 3539 epitheti
893 3453 1034 3517 membro
1051 3453 1195 3539 jucunda
1215 3476 1312 3542 paene

183 3560 377 3626 abundantia
409 3556 646 3646 adsignificetur
663 3558 675 3616 't
706 3557 778 3622 Hel.
812 3558 891 3625 1670
926 3552 1092 3646 anacteos
1122 3553 1247 3647 ποδόςς
1279 3599 1310 3611 -

185 3667 302 3760 Troed.
335 3667 415 3733 1194
446 3664 643 3750 καλλίπηχυν
666 3659 817 3752 Ἕκτορος
844 3665 1021 3753 βραχίονας
1042 3705 1083 3716 -
1103 3668 1137 3736 J.
1168 3670 1210 3736 A.
1240 3669 1314 3735 790·

186 3877 381 3888 ———-—--..-..

255 4018 275 4084 ¹)
294 4018 333 4070 cf.
361 4019 420 4070 son.
442 4019 626 4081 sumntum
654 4019 672 4070 1.
691 4035 712 4070 ι.
731 3999 760 4084 μ’
776 4024 808 4070 ss
825 4037 832 4069 ι
851 4035 931 4087 „qm
956 4019 1002 4084 (ιι.
1021 4036 1058 4088 φ,
1075 4021 1227 4091 west)
1245 4036 1315 4091 μ.

185 4116 304 4161 naturam
321 4117 344 4158 et
360 4109 524 4158 σονισίιλσνιιννι
541 4109 603 4169 enus,
621 4109 667 4173 qut
682 4108 739 4174 σφί,
757 4107 916 4168 describant,
937 4108 1016 4173 macie
1032 4105 1168 4158 evidentiae
1185 4107 1314 4168 cumulem,

186 4209 259 4260 quaem
290 4193 409 4244 adverbia
440 4193 541 4244 modum
567 4192 660 4260 eqmdt'
690 4192 875 4259 siqnt'ficanb'e,
903 4191 1004 4258 ideoque
1032 4208 1105 4260 ισιρι
1128 4211 1205 4260 φησιν
1221 4195 1314 4246 mesine

186 4290 236 4333 tum
254 4295 271 4329 σ
288 4282 366 4348 poetis
383 4281 415 4330 νἰἰ
431 4281 558 4347 praeferri
576 4287 681 4329 constat.
