2738 4830
237 105 352 197 οεόζυξ
373 139 381 180 :
401 115 464 201 frg.
487 106 827 200 78112Ψτῷνεόζυγι
850 118 899 197 uqi
919 110 1038 198 πολλῳς
1063 114 1101 179 cf.
1123 114 1186 201 frg.
1200 116 1282 193 81813

157 218 239 304 ἄζυξ
261 247 268 287 :
291 223 409 287 Troad.
431 222 511 288 537*
531 214 628 306 χάριν
649 210 769 306 α’ζογος
801 212 1078 308 ἀμβροτοπώλου
1110 223 1149 286 cf.
1182 222 1282 288 Bacch.

156 333 236 415 6943
257 331 356 418 ffipp.
378 331 466 414 mc,
492 331 607 411 1425*;
629 328 662 394 J.
678 330 717 392 A.
741 330 820 412 8053
843 329 928 394 uec.
943 328 1005 394 673
1026 331 1062 417 (s
1076 329 1143 416 ua).
1166 366 1202 379 -
1225 329 1284 395 aa·

157 437 276 523 λλφλοξ
297 461 305 502 t
328 437 404 505 Jon.
437 439 516 504 707*
557 440 685 502 θεοῖσιν
716 431 764 524 μή
800 425 891 518 τύχοι
923 435 1128 524 ααλλλφλογα
1166 432 1287 503 πέλανον

157 540 213 612 ἐπὶ
246 537 327 631 πυρὶ
357 541 578 628 καθαγνίσας,
613 543 669 608 ubi
698 542 737 607 de
757 544 924 630 ignispicio
945 543 1059 631 agitur.
1083 583 1119 595 ·-
1144 540 1285 632 ἕπῆλοξτ

160 652 248 738 Cycl.
278 655 340 719 680
374 647 438 736 πῆν
458 652 580 737 πέτραν
600 642 742 736 ἐπήλογα
764 643 918 730 λαβόντες
947 653 966 715 i.
994 673 1021 716 c.
1045 653 1186 718 umbram
1205 677 1285 741 prce·

159 761 274 825 beatem
305 783 421 846 rupem.
446 797 478 807 -
505 750 608 839 ου’ζοξ
640 781 648 822 :
678 759 750 824 Alc.
785 760 864 824 921*
896 753 1030 846 σύζυγα
1060 756 1109 837 αἶς
1139 752 1234 844 εἶμεν.
1255 799 1282 810 -

161 862 309 952 decoqui}
332 891 340 930 τ
362 869 394 935 J.
411 867 449 930 Τ.
471 867 532 932 262
556 862 701 951 decoqui}
723 857 822 952 ἀγμός
842 869 1012 955 anfractus
1031 869 1138 934 hiatus
1160 907 1195 918 —
1218 865 1297 954 ἔπη-

160 973 216 1051 λυς
247 973 451 1061 (εέπηλυθς)
474 997 482 1038 :
504 973 579 1040 Jon.
611 974 670 1042 607
702 967 809 1038 ἐλθών
839 973 873 1051 ἐς
903 967 991 1041 οἶκον
1019 968 1189 1065 ἀλλότριον
1216 973 1299 1065 ἔπη-

163 1082 221 1158 λυς
242 1075 295 1146 ὥν.

703 1585 760 1687 Π.

434 1812 754 1922 Dependentiae
784 1814 1033 1921 composita.

248 2026 267 2104 ξ
292 2022 339 2086 13.
382 2018 625 2106 Dependentiae
653 2021 897 2106 compositorum
925 2019 956 2083 in
985 2042 1118 2085 numero
1149 2021 1240 2086 hodie
1258 2033 1336 2087 eo

166 2133 267 2196 solum
288 2127 398 2194 haberi
410 2127 542 2190 solenta
555 2127 630 2189 viris
642 2127 750 2209 doctis,
774 2149 908 2212 quorum
924 2127 1109 2192 alterutrum
1125 2129 1339 2195 membrum)

166 2239 302 2304 verbalis
323 2247 454 2302 naturae
476 2245 544 2318 cat,
567 2234 651 2299 undc
673 2248 782 2322 aptum
806 2237 847 2299 sit
860 2236 993 2300 alterum
1014 2238 1190 2319 nominale;
1212 2252 1343 2302 ccccl

167 2347 245 2411 dunt
264 2355 370 2411 autem
391 2345 451 2408 illis
474 2366 555 2430 quac
576 2343 616 2409 ab
639 2339 730 2426 ἰσο-,
752 2338 860 2426 α’ξιο-,
882 2339 1015 2429 ἔρημα,
1037 2339 1179 2431 α’παρο-
1195 2345 1342 2410 simili!

166 2455 225 2519 bus
247 2452 410 2539 adjectivis
432 2453 594 2538 incipiunt,
616 2453 648 2516 in
664 2451 778 2537 quibua
792 2452 869 2516 item
887 2454 1035 2517 rectionis
1049 2451 1208 2540 quaedam
1221 2455 1348 2519 rati?

167 2561 362 2626 observatur.
406 2561 531 2645 Atque,
560 2558 593 2623 id
624 2558 710 2646 quod
742 2583 800 2646 per
828 2582 861 2625 sc
883 2561 947 2644 iam
967 2583 1008 2625 ex
1029 2561 1073 2626 cis
1104 2582 1187 2648 quae
1207 2561 1349 2627 mod?

167 2671 198 2733 in
214 2672 396 2734 universum
412 2667 451 2732 dc
477 2667 569 2753 hujus
586 2668 692 2732 classis
707 2678 821 2732 natura
836 2668 1065 2756 disputavimus
1086 2678 1187 2756 patet,
1208 2671 1346 2736 etim*

168 2775 400 2863 dependentiac
423 2777 599 2863 composito
618 2777 651 2839 in
672 2776 843 2840 nominalis
864 2786 895 2840 et
917 2775 1058 2841 verbalia
1089 2777 1163 2842 licet
1183 2776 1339 2866 dispar!

166 2885 226 2948 tire
248 2887 283 2969 (ξ
305 2883 349 2968 3).
392 2882 540 2968 Namque
568 2904 683 2969 regens
704 2881 882 2947 membrum
903 2882 997 2947 modo
1018 2885 1159 2971 pliorem
1181 2884 1342 2951 obtine&

169 2993 332 3078 compositi
359 2991 485 3074 sedem,
520 2989 615 3054 modo
638 2989 825 3072 secundam,
858 3012 921 3075 qua
942 2991 1012 3077 ipsa
1031 3012 1067 3055 rc
1088 2992 1185 3055 etism
1205 2993 1345 3057 nomi(

168 3099 247 3163 nolis
268 3099 401 3164 membri
422 3099 509 3164 locus
532 3095 686 3162 definitur.

250 3207 299 3269 Ac
313 3206 448 3293 primum
463 3203 592 3291 quidem
607 3202 646 3267 dc
660 3203 870 3268 nominalibus
884 3204 997 3291 loquar
1013 3206 1208 3293 compositis,
1224 3223 1337 3295 quav

169 3334 228 3400 pro
259 3323 390 3378 externa
411 3310 620 3377 secundorum
640 3312 853 3375 membrorum
893 3313 998 3398 specie
1026 3313 1059 3376 in
1090 3312 1168 3379 duas
1190 3314 1334 3382 classo&

240 3613 259 3678 ¹)
278 3616 351 3666 Haeo
368 3632 409 3666 mc
424 3616 527 3668 Justiua
545 3615 632 3669 docuit
650 3616 724 3683 (iiber
750 3615 791 3669 dic
810 3617 1073 3686 Zussmmcnsctuuug
1089 3616 1136 3671 dot
1151 3616 1260 3672 Nomina
1273 3619 1315 3671 in

170 3699 220 3750 den
237 3699 377 3767 iudogerm.
397 3702 527 3769 Sprschcn
544 3720 568 3769 p.
587 3705 648 3764 46);
673 3701 741 3753 idem
759 3703 838 3755 etism
856 3703 996 3755 Olcmmius
1014 3710 1114 3768 monet,
1140 3705 1213 3759 (λαοὶ
1230 3702 1304 3758 stud.

170 3785 225 3838 vn.
242 3803 267 3853 p.
286 3790 326 3850 68,
345 3791 394 3851 69;
412 3790 445 3840 cf.
464 3789 536 3840 θοή,
555 3788 611 3840 Ga*
628 3804 652 3855 p.
671 3793 729 3841 518.
