2738 4830
629 438 849 503 -176-

173 646 267 710 quam
289 623 439 708 adjectivi
461 621 610 708 simplicis
631 621 771 708 priorum
803 619 1016 682 membrorum
1040 619 1186 684 notiones
1207 620 1301 705 expri-

173 732 287 796 mentia
308 732 431 817 inopia.-

255 839 425 925 Reliquum
448 846 506 913 est,
527 845 563 900 ut
583 836 723 922 epitheta
744 836 929 922 depromam
952 857 1022 898 eum
1045 835 1201 899 enuntiati
1215 835 1304 900 verbo

172 948 369 1033 aliquatenus
405 966 517 1008 sensus
547 943 674 1007 vinculo
708 942 874 1029 copulata3
907 942 984 1006 talia
1014 925 1113 1006 hahes
1137 941 1211 1006 Hel.
1232 941 1304 1007 376*

172 1049 288 1134 λεχέων
314 1051 438 1132 ἐπέβας
457 1044 677 1135 τετραβάμοσι
698 1051 818 1134 γυίοις;
847 1049 887 1112 cf.
909 1049 1032 1113 Phoen.
1054 1050 1152 1133 809*;
1171 1085 1215 1098 —-
1235 1049 1306 1114 Her.

173 1162 231 1226 fur.
256 1160 353 1228 1069*
373 1158 593 1241 παλίντροπος
614 1158 807 1244 οτρέφεταις
830 1193 868 1205 -
891 1154 1003 1244 Suppl.
1032 1157 1093 1223 388
1114 1155 1308 1233 παλίσστπος

175 1273 291 1350 στεῖχε,
314 1269 368 1331 ubi
389 1267 494 1354 priam
514 1266 666 1349 membra,
688 1265 714 1328 si
737 1267 813 1329 aola'
826 1274 942 1347 essent,
963 1266 1091 1350 plenam
1113 1266 1184 1351 jam
1211 1266 1308 1331 effice·

174 1385 248 1441 rent
270 1377 476 1455 sententiam
498 1374 576 1437 item
597 1372 754 1438 secundae
775 1381 895 1459 partes,
918 1373 945 1435 si
966 1373 1133 1455 abessent,
1155 1373 1212 1438 vix
1234 1374 1305 1438 desi·

175 1483 359 1547 derarentur
384 1482 418 1548 J.
440 1481 479 1545 Τ.
504 1483 583 1547 1008
615 1472 795 1566 κοινόφρων
822 1479 860 1546 δέ
881 1500 933 1544 σοι
954 1479 1009 1545 καὶ
1032 1480 1089 1566 ζῆν
1109 1476 1240 1562 θέλοιμ’
1260 1474 1308 1565 dac

173 1590 248 1656 Jon.
270 1591 330 1655 677
353 1592 460 1669 στεῖχε
482 1586 667 1672 κοινόφρων
688 1586 809 1674 πατρίς
836 1587 898 1673 frg.
929 1585 1106 1677 [1117649]
1136 1587 1187 1664 τίς
1208 1584 1227 1653 d
1245 1610 1308 1654 και-

173 1688 328 1781 νότροπος
348 1687 444 1772 οὗτος
464 1696 572 1777 μῦθος
593 1698 661 1760 κατ’
689 1690 771 1778 §aaa
790 1686 865 1778 ἧκεν
886 1687 1021 1779 α’κουᾶνς
1050 1696 1148 1762 Rhea.
1173 1697 1236 1762 762
1256 1689 1309 1760 οὕ-

175 1806 271 1885 δομεν
302 1803 507 1884 πτδοοτιβεῖς
539 1807 573 1885 (ξ
595 1804 668 1887 86),
701 1804 822 1868 etiamsi
854 1805 888 1866 in
910 1804 957 1866 his
988 1825 1093 1890 neque
1114 1804 1309 1868 substantiva

174 1934 278 1998 neque
307 1914 405 1976 verba
431 1912 496 1975 ulla
517 1934 588 1976 cum
620 1912 697 1998 ipsis
720 1911 866 1998 epithetis
888 1911 1061 1976 cohaerent
1080 1913 1219 1976 notionis
1240 1933 1308 1998 eog-

177 2021 304 2084 natione
326 2021 360 2102 (ξ
382 2019 422 2082 74
442 2042 473 2105 p.
497 2018 581 2102 174).

257 2131 277 2208 5
299 2129 348 2191 76.
393 2126 486 2190 Nunc
513 2125 554 2190 ad
575 2125 734 2213 perfectae
755 2125 967 2190 abundantiae
998 2127 1145 2212 exempla
1166 2149 1219 2191 me
1241 2148 1308 2191 con·

175 2245 274 2314 verto,
295 2235 327 2298 in
350 2233 646 2319 quihus·superflua
667 2234 810 2298 membra
831 2256 871 2297 ne
891 2232 1069 2298 ¹transferre
1092 2234 1221 2320 quidem
1236 2256 1308 2322 poa·

176 2365 293 2407 eumue.
316 2381 357 2390 —
377 2343 427 2405 Ae
448 2342 549 2429 primo
572 2341 699 2427 quidem
721 2341 790 2405 loco
812 2340 952 2428 epitheta
973 2342 1158 2428 procedant,
1181 2363 1309 2429 quorum

175 2451 341 2538 primariae
372 2459 479 2536 partes
510 2448 669 2534 adjectiva
699 2457 773 2512 sunt
805 2471 813 2511 t
844 2447 943 2537 Hipp.
976 2449 1056 2514 827*
1085 2441 1185 2529 τύχαν
1219 2445 1310 2514 σέθεν

174 2546 403 2642 deportatum
425 2557 464 2620 cf.
486 2557 607 2621 Phoen.
633 2558 745 2638 1346*;
768 2593 809 2603 -
829 2555 927 2643 Hipp.
950 2557 1029 2621 668*
1049 2560 1238 2639 κακοτυχτῖς
1256 2579 1308 2642 γυ-

175 2670 290 2730 ναικοῖν
320 2658 451 2746 πότμοι,
483 2665 537 2728 ubi
559 2685 691 2746 caveas,
720 2685 761 2728 ne
781 2664 948 2750 trajectum
971 2685 1040 2729 esse
1062 2665 1227 2752 epitheton
1250 2665 1309 2730 exi·

175 2775 300 2855 stimea;
323 2808 358 2820 -
381 2770 466 2835 Med.
491 2771 568 2835 176*
588 2759 782 2856 βαρύθυμον
802 2762 916 2855 ὀρμάν;
941 2808 975 2817 -
1000 2769 1057 2836 Or.
1082 2773 1161 2838 1198
1182 2763 1310 2854 ὀξυθύ-

174 2900 235 2960 μου
256 2868 476 2966 φρονὴματοςς
501 2879 625 2943 Heracl.
641 2878 702 2944 388
718 2884 780 2941 τῶν
799 2869 1012 2965 φρονημάτων
1031 2881 1094 2944 τῶν
1114 2875 1195 2965 ἄγαν
1215 2877 1309 2967 ὑπερ-

175 2984 305 3073 φρόνων
355 2988 409 3052 uhi
469 3008 595 3052 aeneum
645 2986 795 3074 simplicis
855 2978 977 3073 ὕπερος
1028 3012 1179 3075 cepaea,
1229 2990 1310 3077 qnod

176 3096 305 3180 quidem
327 3095 417 3158 deest
438 3092 589 3177 Graecia,
612 3094 819 3181 compositum
841 3094 1025 3182 adsumpsit.
1069 3095 1150 3163 Cum
1172 3097 1223 3162 hia
1244 3120 1310 3162 eon-

175 3205 258 3266 teraa
289 3203 351 3287 frg.
381 3202 498 3279 364134
519 3193 744 3285 γυναικόφρων
778 3197 840 3287 γὰρ
860 3195 966 3284 θυμός
1000 3193 1117 3288 τῖνδρὸς
1150 3194 1190 3270 οὐ
1210 3204 1312 3292 σοφοῦ

175 3311 198 3374 τί
220 3333 244 3374 e.
274 3310 453 3391 muliebria,
484 3309 690 3395 effeminatur.
742 3308 882 3375 Secundi
909 3311 1043 3376 membri
1069 3313 1119 3376 via
1152 3323 1312 3400 praeterea

177 3419 306 3481 evanuit
336 3415 436 3480 Andr.
471 3419 551 3483 1155
584 3416 688 3497 δέμας
709 3414 950 3504 καλλίμορφονς
983 3420 1125 3506 epitheta
1156 3423 1310 3486 autemid

177 3543 279 3598 -πους
301 3523 444 3588 cadentia
477 3546 540 3609 qua
571 3535 637 3588 arte
658 3535 753 3611 poeta
773 3536 883 3591 noster
904 3525 1081 3592 adhibuerit
1102 3539 1230 3614 praeter
1250 3529 1311 3593 lau-

180 3631 289 3694 datum
322 3631 391 3717 jam
424 3621 612 3715 τυφλὸπους
644 3632 679 3715 (ξ
715 3634 769 3717 74)
806 3634 909 3698 elucet
943 3635 1037 3699 etiam
1073 3656 1112 3700 ex
1148 3635 1230 3701 Hee.
1258 3637 1312 3701 66‘

178 3729 373 3821 βραδύπουν
401 3728 511 3823 ἤλυσιν
542 3729 693 3825 ἄρθρων,
725 3739 787 3825 frg.
816 3743 879 3805 544
900 3734 1094 3821 λεοντόπους
1124 3736 1227 3823 βάσις
1261 3766 1313 3831 per

178 3845 320 3912 moadeca
332 3846 379 3929 ¹),
411 3846 444 3912 J.
480 3848 520 3910 A.
558 3843 641 3934 [421]
678 3836 884 3936 ἅναφυχουσι
918 3842 1091 3936 θηλύπουν
1125 3849 1241 3934 adom
1276 3851 1311 3915 cf.

176 3953 312 4037 τρίπους
332 3945 515 4034 χαλκόπους
535 3951 648 4041 Suppl.
672 3957 760 4021 1197.
804 3954 907 4020 Nimis
932 3980 1032 4044 paene
1048 3970 1249 4046 exaggerata
1269 3967 1313 4025 eat

247 4286 268 4356 ¹)
287 4291 319 4340 cs.
338 4288 520 4353 Sohirlitrium,
538 4290 557 4344 l.
576 4305 597 4342 a
617 4306 641 4357 p.
660 4293 702 4344 38.
786 4286 789 4293 ¹
