2738 4830
576 416 792 500 -1ffl..

113 613 193 678 Her.
225 613 286 677 fur.
319 614 414 697 114*;
438 651 473 661 -
507 610 641 679 παίδων,
667 605 811 688 ἄπαιδας
841 618 943 696 γραῦς
977 613 1078 679 Andr.
1111 616 1191 698 6123
1213 653 1245 664 -

114 712 263 796 ἄπαιδας
293 715 379 805 ἡμᾶς
412 720 466 794 δεῖ
485 721 681 806 καταστῆναι
699 716 814 785 τέκνων
853 721 954 784 Andr.
978 722 1039 786 714
1071 722 1110 786 ef.
1142 723 1249 811 Suppl.

114 830 173 910 353
195 828 284 893 810*.
328 826 395 894 Sed
416 827 529 916 Suppl.
552 831 589 896 13
612 823 697 912 ἀμφί
718 825 783 911 γδρ
803 821 908 903 πόλος
930 819 1070 908 Κάδμου
1090 819 1252 894 θανόντων

114 931 199 1001 inse?
218 941 376 1020 γυναικῶν
398 934 512 1002 τέκνοιν
532 929 677 1011 ἄπαιδές
703 930 784 1000 εἰσιν
813 935 870 1018 (se.
892 940 993 1020 γραῦς
1022 957 1051 998 v.
1073 938 1108 1019 9)
1132 940 1251 1024 geneti-

116 1066 173 1108 νου
196 1044 361 1109 absolutos
387 1066 458 1109 esse
473 1045 653 1109 existimare
674 1042 848 1131 praestabit
861 1043 1009 1129 quamde
1022 1037 1167 1121 ἄπαιδες
1180 1067 1254 1132 pen·

117 1149 201 1217 dere.
253 1151 426 1217 Praeterea
458 1151 509 1215 bie
538 1151 731 1215 nominande
759 1159 834 1215 sunt
855 1140 918 1226 τός
948 1142 1116 1232 μ’ἄπαιδα
1146 1147 1254 1237 γέννας

113 1251 231 1341 ἔθηκεν
251 1247 472 1344 οἷρισυυιόκοιο
500 1258 598 1324 Rhes.
621 1258 718 1339 908*;
739 1295 780 1307 -—
802 1251 932 1336 ἄτεκνος
962 1253 1102 1345 ἀρσένων
1123 1260 1256 1325 παίδων

112 1356 215 1447 γεγῶς
236 1365 350 1430 Bseeb.
376 1367 472 1450 13053
497 1403 530 1414 -
555 1359 595 1430 σό
615 1361 760 1440 δ’ἄνοους
780 1371 883 1429 κακῶν
903 1364 990 1446 ἐμῶν
1009 1366 1042 1432 J.
1058 1368 1099 1431 A.
1121 1369 1202 1451 9823
1215 1407 1255 1418 -

114 1462 284 1556 πόρθενος
319 1469 473 1558 οἷνίορτυς
492 1471 598 1560 ἱερῶν.
619 1473 670 1537 ΕΙ.
693 1473 773 1539 31οε
794 1512 833 1521 -
855 1468 990 1559 ἄγείυων
1011 1466 1102 1552 οίκος
1122 1471 1256 1562 ἵδρυνται

113 1578 220 1665 φίλιον
239 1580 314 1645 ibid.
339 1582 427 1648 1130.
452 1619 486 1630 -
511 1572 611 1662 κόμαν
630 1578 778 1666 κείρομαι
806 1571 955 1656 ἄπεπλος
985 1577 1117 1667 φαρέων
1138 1583 1261 1650 λευκῶν

114 1687 237 1753 Pboen.
259 1688 349 1753 324*.
371 1727 410 1747 ,-
433 1686 550 1770 στείχω
571 1688 687 1754 διοοδν
706 1679 855 1776 γ’ἄμορος
875 1684 989 1754 τέκνων
1016 1689 1103 1756 Μεδ.
1140 1693 1253 1777 1395*;

115 1795 156 1860 ef.
177 1793 258 1860 Hee.
273 1795 333 1860 421
356 1791 449 1881 ἡμεῖς
468 1793 507 1861 δὲ
518 1787 711 1882 πεντήκοντα
724 1791 899 1882 γ’ἄμμοροι
918 1796 1050 1878 υίκνιυνς
1071 1797 1149 1864 Jon.
1164 1800 1252 1883 526*,

115 1902 168 1968 ubi
191 1901 375 1983 Nauekium·
400 1904 500 1991 probo
530 1910 655 1991 φρενῶν
676 1896 832 1990 ἀμοίρους
852 1905 906 1970 καί
937 1896 1119 1991 μεμηνότας
1138 1905 1251 1993 φίλους

115 2032 173 2096 pro
194 2010 328 2096 φρενῶν
342 2002 507 2092 ἄμοόοους
526 2012 592 2076 κτλ.
615 2013 711 2077 scribi
728 2012 910 2099 jubentem3
942 2021 1082 2078 ueterum
1103 2015 1165 2078 hoe
1185 2016 1249 2080 loen

116 2126 148 2180 et
167 2116 253 2181 Med.
278 2119 384 2202 13952,
405 2119 486 2185 Heu.
508 2120 567 2183 421
592 2142 655 2184 non
676 2129 742 2185 tem
762 2120 872 2206 plene,
894 2141 991 2206 quem
1011 2121 1044 2184 in
1065 2121 1249 2187 anteceden-

116 2224 199 2288 tibus
221 2225 376 2312 exemplis
399 2228 539 2291 secunde
559 2227 702 2291 membre
723 2226 896 2292 abundant.
939 2227 992 2290 Ad
1014 2236 1193 2294 extremum
1215 2232 1248 2294 si·

115 2332 180 2395 mili
204 2332 333 2398 ulterius
355 2335 487 2399 membri
509 2336 702 2400 abundantis
723 2337 818 2400 etiem
847 2356 957 2399 vneem
980 2329 1063 2416 ἄζυξ
1083 2335 1250 2424 Euripides

116 2439 280 2525 usurpavit
308 2440 393 2506 Med.
416 2443 477 2508 673
498 2437 557 2507 οόκ
577 2441 672 2524 ἐσμὲν
702 2437 796 2530 ου’νὴς
816 2438 934 2526 ἄζυγες
953 2439 1129 2528 γαμηλίους
1158 2441 1192 2509 J.
1214 2444 1250 2508 A.

115 2547 192 2628 8053
226 2546 323 2639 Hipp.
346 2551 442 2632 546*;
477 2549 532 2615 sed
554 2551 653 2614 verbe
674 2544 769 2635 κόραι
788 2543 850 2637 γᾶρ
871 2541 987 2636 ἄζυγες
1015 2543 1127 2634 γᾶμων
1148 2541 1251 2636 πόρος

115 2645 216 2732 κόμας
235 2652 403 2735 κεροῡνιαί
424 2671 476 2716 σοι
490 2651 588 2738 Hipp.
613 2651 692 2717 1425
713 2651 795 2715 falso
811 2651 922 2716 eodem
938 2652 1007 2716 loeo
1022 2650 1047 2717 J
1049 2650 1100 2715 ob.
1111 2651 1250 2718 Schmid-

116 2761 176 2826 tius
198 2762 308 2827 babuit
320 2760 356 2844 l)‚
379 2780 440 2846 quo
463 2768 568 2824 eeters
581 2757 675 2843 hujus
691 2758 882 2846 paragraphi
900 2759 1064 2846 exemple3
1086 2759 1249 2843 genetivus

116 2869 199 2932 enim
222 2890 240 2933 e
260 2859 368 2953 πόρος
382 2875 482 2954 eptus
502 2876 559 2949 est,
582 2888 645 2930 non
667 2887 707 2930 ex
728 2859 843 2949 ἄζυγες
855 2867 892 2947 ⁸).

200 3005 220 3084 5
242 3001 290 3066 79.
314 3001 346 3066 A
367 3002 387 3081 ξ
410 2999 449 3065 78
483 2998 636 3086 exemplis
656 3001 684 3062 si
704 2998 887 3064 discesseris
910 2999 1120 3085 epithetorum
1141 3000 1250 3064 huens-

117 3131 179 3195 que
208 3107 406 3176 laudstnrum
437 3129 511 3194 pars
543 3107 611 3171 fere
644 3107 783 3171 maxime
815 3106 860 3170 ite
881 3115 1064 3192 comparate
1099 3117 1190 3192 eret,
1220 3115 1252 3172 ut

107 3205 275 3303 superflue
295 3216 440 3280 membra
461 3214 533 3301 plus
554 3216 699 3279 minusve
721 3236 793 3278 eum
807 3213 1026 3296 substantivis,
1048 3197 1167 3300 quibus
1188 3217 1252 3303 ipss

118 3323 226 3389 addite
263 3332 372 3406 erent,
404 3344 499 3387 sensu
535 3329 757 3407 congruerent.
813 3320 888 3388 Jem
923 3321 1081 3407 reliquum
1117 3331 1187 3406 est,
1218 3331 1251 3387 ut

117 3452 155 3496 es
184 3454 270 3497 nune
303 3450 504 3511 enumerem,
537 3451 636 3516 quse,
658 3451 852 3516 quemquem
873 3430 957 3493 inter
977 3437 1125 3494 neutrum
1147 3450 1250 3495 eornm

117 3540 293 3604 membrum
315 3547 347 3602 et
366 3560 482 3603 nomen
505 3539 690 3624 primarium
710 3537 774 3601 ulle
794 3537 931 3602 notionis
953 3538 1102 3621 cognatio
1122 3539 1250 3603 interes·

119 3646 180 3728 dit,
212 3648 373 3734 aptissime
415 3656 522 3710 tamen
553 3668 622 3709 eum
652 3646 786 3732 simplici
827 3667 906 3709 voce
933 3647 1059 3729 integro
1104 3646 1250 3710 enuntiati

118 3777 215 3820 sensu
254 3756 440 3819 eommuturi
482 3755 555 3818 lieet
595 3755 647 3835 (ef.
690 3757 710 3835 ξ
739 3754 803 3837 74).
854 3751 917 3817 His
957 3761 1064 3818 sutem
1100 3775 1181 3836 non,
1220 3761 1251 3818 ut

118 3967 314 3977 ——-—

187 4107 196 4138 ¹
225 4109 240 4159 1.
260 4122 282 4158 e
318 4110 383 4159 .39.

184 4108 207 4268 ’ί
225 4123 331 4266 Proptbr
354 4200 551 4254 similitudinem
572 4203 651 4252 affero
674 4199 751 4252 etism
777 4201 803 4253 J.
823 4201 921 4254 '129‘OE
947 4189 1034 4276 ἦλθον
1059 4199 1151 4276 νῆστις
1168 4199 1250 4277 βορᾶς

118 4291 133 4342 i
153 4308 174 4342 e.
192 4284 255 4346 ἄνευ
272 4286 374 4366 stupri&
393 4297 419 4341 et
435 4293 484 4358 frg.
503 4287 649 4358 [llltlbff]
666 4285 778 4366 ίγκόγιον
795 4293 912 4363 superna
929 4283 1051 4364 όλινερας
1068 4282 1172 4362 ἀνδρός.
