2738 4830
582 422 784 488 „56-

66 669 71 680 ,
194 604 397 690 subjungere
419 604 467 669 his
488 605 598 687 liceat,
621 605 653 668 in
675 604 790 691 quibus
812 604 915 668 forma
936 603 1067 688 genuini
1089 615 1124 667 tu
1148 599 1253 667 suffixi

113 715 254 780 mutilata
285 714 418 799 apparet
448 713 483 798 (ξ
510 713 563 796 10)
586 736 593 776 :
616 701 807 797 οἷνδροβρολς
828 731 839 777 .·
861 708 949 798 Cycl.
984 711 1025 777 93
1056 705 1250 775 Κυκλωπίαν

111 815 230 906 γνάθοι
250 815 306 906 τήν
327 815 549 904 ἅνδροβροῖτα,
572 820 625 884 ubi
647 819 897 883 codicumlectio
921 828 969 881 est
990 840 1009 882 a
1029 816 1168 882 librariis
1183 819 1247 904 jam

114 938 253 993 correcta
284 923 496 1013 οἷνδροβοῖτοι;
530 927 568 991 de
606 926 683 992 Her.
717 927 777 990 fur.
810 926 872 991 386
904 935 935 989 et
963 926 1022 1012 frg.
1066 927 1128 992 541
1160 930 1179 1006 8
1209 927 1246 990 83

114 1038 261 1124 exposui3
295 1074 328 1083 -
353 1027 515 1123 ὠμοβρώς
554 1035 668 1101 crudos
700 1035 784 1100 cibos
814 1034 937 1100 edens:
969 1033 1047 1098 Her.
1078 1034 1140 1098 fur.
1172 1033 1245 1100 889⁴

112 1136 268 1220 λυσσάδες
290 1139 485 1230 ὠμοβρῶτες
508 1140 597 1208 δίκαι
605 1165 616 1223 ‚·
646 1141 877 1227 intellegendae
910 1151 984 1207 sunt
1005 1141 1144 1224 Furiae,
1167 1163 1242 1228 quae

113 1273 184 1315 curn
206 1252 318 1316 avibus
340 1252 507 1339 rapacibus
528 1272 592 1315 non
613 1250 721 1337 inepte
741 1249 956 1315 conferuntur.

113 1536 203 1616 819.
248 1533 444 1601 Secunda
473 1533 651 1599 membra
677 1533 836 1599 suffixo
869 1554 912 1609 ες
947 1533 1126 1598 formato
1147 1539 1247 1597 sunt.

192 1659 353 1755 θεοσεβὴς
374 1690 381 1732 :
403 1668 472 1732 Alo.
505 1668 583 1734 605*
615 1666 763 1752 θεοσεβῆ
788 1672 902 1754 φῶτας
923 1665 964 1730 cf.
996 1665 1028 1731 J.
1051 1666 1091 1732 Τ.
1112 1667 1190 1751 2683
1210 1701 1249 1713 -·

112 1768 323 1863 πεδοστιβὴς,
359 1791 475 1841 terrum
506 1776 650 1857 οολοιιιιε,
676 1776 816 1862 pulsano
837 1798 847 1840 .·
868 1775 941 1841 Hol.
972 1776 1051 1841 1516
1082 1777 1252 1860 πτεροῖσιν

114 1881 247 1969 δρδεῖδ
270 1876 289 1971 ἢ
310 1884 497 1966 πεδοστιβεῖ
519 1881 616 1968 nonu
648 1884 688 1948 cf.
711 1884 795 1948 Med.
819 1887 916 1968 11233
939 1883 1036 1948 Rhes.
1063 1883 1160 1961 254*‚
1188 1882 1251 1948 763

114 1995 149 2077 (§
172 1993 241 2076 lbl3
271 2014 366 2057 sensu
393 2002 497 2057 sutem
529 2003 615 2056 caret
647 1991 733 2078 quod
756 1993 817 2079 frg.
841 1993 901 2058 616
924 1992 1089 2056 exhibetur
1110 1983 1193 2079 dypci
1210 1989 1250 2056 δδ

112 2090 227 2185 μήτηρ,
249 2094 287 2163 οὐ
308 2091 504 2185 πεδοστιβὴς
523 2097 650 2186 τροφδς
668 2092 834 2184 θάλασσα,
856 2102 910 2165 ubi
930 2122 1044 2166 vereor
1064 2122 1106 2165 ne
1128 2103 1168 2165 sit
1188 2121 1251 2166 πο·

114 2199 267 2293 δοοτιβής
288 2210 306 2271 i.
329 2230 355 2273 e.
375 2209 510 2295 pedibus
537 2233 599 2275 noa
613 2209 798 2296 pulsandus
819 2209 1034 2290 scribendum3
1059 2245 1093 2257 -
1120 2228 1253 2296 στερνο-

112 2308 216 2405 τοπὴς
238 2340 246 2381 :
269 2315 380 2404 Suppl.
414 2318 494 2383 664*
526 2320 559 2399 (ξ
589 2317 653 2402 83).
696 2319 736 2383 In
766 2319 815 2382 his
846 2319 970 2402 priores
1001 2339 1129 2404 semper
1159 2317 1253 2383 sedes

113 2424 227 2510 stirpes
247 2423 316 2489 ino
338 2424 516 2490 desinentes
532 2425 675 2490 obtinere
690 2424 852 2507 videmus3
875 2447 934 2490 nec
955 2425 1055 2511 major
1070 2434 1120 2490 est
1140 2442 1253 2490 corum

113 2553 278 2611 numerus,
309 2552 443 2618 quorum
464 2532 654 2597 thematibus
684 2533 798 2619 stirpes
825 2535 858 2597 in
887 2557 909 2597 οι
930 2533 1078 2597 cadentes
1100 2532 1253 2609 subsnnt3

113 2637 174 2701 huc
205 2640 363 2724 pertinent
385 2663 392 2702 :
415 2631 654 2727 δμαξοπληθὴς
675 2663 683 2703 z
705 2640 825 2705 Phoen.
860 2641 958 2707 1158*
986 2638 1069 2706 λᾶαι
1102 2633 1253 2722 ducatui·

114 2736 197 2831 κόρᾳ
227 2741 463 2834 ἁμαξοπληθῆ,
496 2747 581 2834 quod
609 2756 694 2813 recte
723 2748 790 2834 jam
813 2770 831 2812 a
852 2748 1021 2812 scholiasta
1042 2750 1218 2836 explicatur
1247 2766 1253 2806 τ

113 2845 283 2934 δυνάμενον
323 2855 491 2943 πληρῶσαι
524 2850 667 2941 ἅμαξαι;
693 2891 728 2907 -
764 2848 977 2944 ψυχορραγὴς
998 2879 1006 2919 :
1028 2855 1061 2922 J.
1095 2856 1135 2921 T.
1168 2852 1253 2922 14661

111 2966 256 3046 γυναῖκες
278 2961 310 3028 εἰ
329 2953 437 3040 τόκοις
452 2968 688 3054 ψυχορραγεῖςς
714 3000 748 3017 -
771 2956 912 3051 γαπετής
931 2966 967 3030 io
981 2977 1098 3031 terram
1115 2966 1253 3053 prolop·

113 3093 177 3150 cus,
208 3069 263 3134 ubi
294 3071 433 3135 themate
454 3073 541 3136 locus
563 3073 768 3160 exprimitur,
803 3095 867 3160 quo
889 3082 937 3136 est
955 3073 1094 3138 verbalis
1113 3069 1253 3138 membm'

114 3179 194 3240 actio
227 3175 374 3259 directa:
396 3178 517 3244 Phoen.
551 3181 645 3265 668*,
678 3181 719 3245 do
746 3202 808 3267 quo
831 3184 851 3263 §
873 3183 914 3246 16
935 3182 1078 3263 evolvas,
1107 3180 1164 3244 ubi
1186 3177 1253 3246 (Ιὶῡ1

115 3285 208 3349 etiam
237 3285 276 3348 de
301 3277 479 3372 μοιυπετὴς
499 3311 506 3350 :
528 3286 649 3352 Phoen.
681 3289 769 3355 293*.
795 3325 829 3337 -·
853 3288 1023 3354 Dentalom
1055 3289 1190 3376 stirpem
1218 3291 1253 3355 in

115 3391 181 3455 solo
224 3392 322 3457 habes
372 3387 616 3480 δμματοστερὴς
666 3396 766 3463 ocultis
813 3397 948 3482 privans
996 3394 1112 3461 Aesch.
1156 3397 1253 3462 Eum-

114 3500 176 3567 940
206 3495 357 3585 φλογμδς
386 3495 647 3588 δμματοστερῆςς
678 3501 735 3567 sed
766 3504 848 3567 idem
869 3505 955 3568 valet
983 3503 1082 3568 oculis
1100 3504 1253 3591 priamus

115 3605 235 3673 Phoen.
267 3610 347 3675 327*
377 3604 395 3674 δ
427 3608 490 3676 δἐἰ
532 3601 680 3692 copam!
701 3611 846 3696 πρέσβυς
887 3603 1149 3698 δμμοιτοοτερὴςς
1183 3615 1253 3679 lccc

116 3715 213 3800 igitur
248 3715 422 3805 Euripiden
454 3719 542 3804 prius
573 3719 748 3784 membrum
771 3718 939 3784 accusativi
968 3720 1131 3786 relationis
1156 3736 1253 3787 sensu

116 3821 233 3909 pendet
264 3824 305 3890 de
337 3823 521 3912 pedisequo.
547 3861 580 3876 ·-
605 3827 657 3891 Ab
685 3825 733 3891 his
755 3848 908 3913 segrego,
941 3828 1019 3914 quia
1038 3826 1253 3894 adulterinum

117 3937 167 3992 ost
186 3931 394 4016 compositum
414 3954 474 3997 nec
493 3934 554 4020 ipsi
575 3933 703 4019 quidem
716 3933 871 4021 Euripidi,
894 3935 952 4000 sed
968 3936 1152 4024 posterioria
1167 3947 1253 4003 actu*

116 4036 156 4100 tis
169 4045 283 4122 potitae
298 4038 437 4123 debetur,
459 4031 607 4125 ιουνεχής
626 4065 636 4106 ε
656 4042 716 4128 68.
733 4039 890 4130 [1117148]
912 4036 1000 4120 ὅστις
1012 4039 1051 4109 δι
1069 4039 1098 4128 γ’
1111 4035 1253 4132 fimum

114 4136 183 4234 χής.
208 4182 242 4194 -
265 4145 421 4213 Extrmo
438 4147 508 4213 loco
529 4149 658 4236 profero
677 4142 884 4238 αὕτοοφαγὴι·
914 4154 1135 4242 semipasta»
1154 4154 1250 4221 sister·
