2774 4838
636 452 860 516 -182-

173 639 222 713 et,
254 631 287 694 in
320 632 434 717 quibus
463 633 602 696 secunda
622 633 767 698 membra
795 654 891 697 sensu
920 632 1020 696 solum
1042 654 1114 695 oum
1135 631 1318 694 nominibus

173 748 380 823 congruunt:
403 733 574 805 εὔδειπνοι
604 739 716 815 δαῖτες
745 739 831 804 Med.
863 741 961 822 200*;
986 775 1020 787 -·
1045 734 1177 819 εὔδοξον
1202 729 1319 822 φάμαν

173 845 271 932 Hipp.
305 846 401 929 773*;
422 883 463 894 -
495 835 656 928 εὐμούσου
687 846 822 929 μολπᾶς
852 848 884 914 J.
909 847 947 912 Τ.
982 848 1078 929 14ῦ*;
1112 881 1146 893 -
1179 840 1319 910 εὐαίωνι

174 943 289 1037 πότμῳ
322 953 355 1019 J.
387 955 425 1018 A.
459 954 540 1022 550*
572 956 627 1038 (of.
661 956 776 1019 Aesoh.
809 956 896 1020 Pers.
931 956 988 1020 711
1011 951 1118 1033 βίοτον
1149 947 1316 1034 εὐαίωνα).

177 1056 243 1124 Suo
276 1059 412 1146 deniqne
438 1060 511 1146 jure
533 1061 730 1128 Sohirlitnius
752 1063 800 1126 his
823 1061 1047 1145 adnumerat1)
1070 1063 1164 1125 etiam
1198 1059 1316 1125 Bacch.

176 1167 273 1232 1158*
300 1158 449 1255 νάρθηκα
476 1162 592 1250 ἐλαβεν
613 1164 794 1256 εὕθυρσονς
830 1170 914 1235 idem
936 1170 1020 1235 enirn
1042 1169 1102 1233 hoo
1123 1168 1208 1233 valet
1229 1167 1317 1254 quod

174 1263 301 1359 θύρσον
320 1268 483 1361 εὔθυρσον
494 1276 531 1360 1).

255 1406 339 1488 §la
383 1408 435 1472 De
457 1409 672 1473 membrorum
695 1406 888 1474 abundantia
910 1407 1057 1493 quoniam
1076 1406 1109 1470 in
1132 1406 1191 1469 hoo
1213 1407 1316 1490 capite

173 1513 348 1600 loquimur,
369 1538 432 1579 non
467 1517 577 1582 inutile
599 1517 658 1582 erit
679 1515 818 1604 epitheta
846 1516 898 1580 hio
919 1535 1115 1603 proponere,
1145 1514 1177 1577 in
1199 1512 1316 1599 quibus

174 1620 301 1687 alterius
332 1624 459 1709 quidem
480 1624 613 1691 membri
638 1647 734 1689 sensu
765 1646 894 1712 prorsus
917 1625 1097 1710 quiescente
1120 1619 1316 1709 praecedens

176 1728 276 1792 solum
309 1731 577 1817 praepositio
611 1754 699 1795 suam
733 1730 994 1816 significationem
1027 1729 1130 1792 habet.
1185 1726 1251 1791 Per
1282 1748 1316 1792 se

175 1837 259 1899 enim
288 1836 392 1901 aliena
419 1837 497 1902 haeo
529 1838 676 1903 videntur
708 1837 747 1902 ab
777 1837 837 1902 hae
859 1837 1000 1924 opusculi
1023 1844 1129 1922 parte,
1157 1855 1254 1920 quam
1276 1833 1316 1898 de

175 1941 323 2028 epithetis
346 1964 416 2008 esse
436 1946 612 2028 voluimus,
645 1967 726 2031 quae
748 1945 828 2008 verti
850 1943 973 2031 possint
993 1943 1158 2029 epithetis3
1187 1942 1242 2006 illa
1263 1962 1316 2007 au-

174 2058 255 2133 tem,
289 2051 380 2136 quasi
401 2051 559 2117 secundae
582 2061 690 2138 partes
712 2052 840 2115 omnino
862 2072 926 2114 non
949 2059 1133 2132 exstarent,
1155 2050 1315 2137 praeposi-

173 2158 296 2222 tionum
327 2166 450 2222 tantum
481 2161 546 2223 vim
580 2160 717 2223 retinent
746 2159 791 2222 ita
813 2157 960 2245 quidem,
994 2166 1029 2222 ut
1056 2178 1183 2244 semper
1204 2159 1245 2221 ab
1268 2158 1314 2222 his

174 2264 301 2350 aliquod
332 2268 485 2331 enuntiati
517 2266 747 2332 substantivum
777 2274 887 2353 aptum
917 2266 970 2349 sit3
993 2268 1038 2329 sio
1060 2264 1116 2331 Or.
1139 2267 1180 2331 83
1201 2257 1313 2352 stripe-

173 2372 249 2456 δρος
278 2366 390 2456 ἀθλίῳ
411 2378 513 2458 νεκρῷ
532 2363 654 2457 θοῖσσῳ
676 2374 695 2436 i.
719 2394 745 2436 e.
768 2369 861 2459 παρδ
887 2368 964 2437 slot.
993 2373 1099 2458 νεκρῷ
1119 2364 1253 2457 &ninom
1277 2408 1309 2421 -

173 2477 292 2543 Troad.
315 2480 392 2546 139*
415 2473 533 2547 θάσσω
556 2485 686 2566 σκηναῖς
705 2476 846 2566 ἔφεδρος
860 2476 1141 2566 Ἀγαμεμνονίαις)
1164 2510 1204 2527 ’-
1225 2481 1258 2549 J.
1275 2479 1311 2546 ’1.

174 2587 215 2652 80
245 2577 461 2673 ἠλαυνόμεσθ’
494 2583 620 2674 ἔξεδροι
649 2580 784 2671 χθονός;
819 2626 857 2637 -
885 2588 1005 2653 Phoen.
1043 2588 1122 2654 1095
1153 2585 1313 2676 ἐφέδρους

173 2687 355 2771 θ’ῑππότας
381 2694 440 2775 μὲν
467 2688 626 2772 ἱππόταις
654 2691 754 2781 ἔταξ’,
786 2692 924 2772 ὁπλίτας
946 2690 1223 2784 δ’δσπιδηφόροις
1246 2692 1312 2773 ἔπι,

173 2823 235 2887 quo
258 2803 361 2867 nullus
377 2803 507 2890 quidem
522 2805 625 2890 magis
640 2805 780 2869 ostendit
796 2806 892 2888 locus,
915 2805 947 2868 in
963 2805 1077 2869 talibus
1098 2805 1254 2891 exemplis
1273 2803 1312 2868 sd

171 2931 293 2973 merum
315 2911 585 2997 praepositionum
605 2933 733 2976 sensum
755 2912 967 2999 epithetorum
989 2920 1179 2998 potestatem
1199 2909 1313 2976 redire.

171 3014 312 3082 Sedendi
344 3019 428 3081 notio
461 3018 603 3082 abundat
633 3018 728 3082 etiam
756 3017 830 3083 Hel.
862 3019 923 3084 879
968 3010 1119 3102 σύλλογος
1146 3006 1313 3104 πάρεδρος

170 3121 262 3208 Ζηνὶ·
285 3131 316 3187 et
345 3122 443 3210 Hipp.
476 3124 538 3191 935
570 3115 661 3208 λόγου
693 3117 977 3210 παραλλάσσοντες
1007 3119 1138 3210 ἔξεδροι
1175 3129 1307 3211 φρτνιδν

169 3230 305 3294 invicem
326 3232 567 3317 praepositionis
588 3232 636 3295 vis
659 3233 786 3297 evanult
799 3235 831 3297 in
847 3231 924 3318 παρ’
930 3224 1019 3320 Ἥρᾳ
1031 3232 1072 3319 τῇ
1085 3228 1313 3319 θἪρακλδους

163 3330 250 3427 Ἥβῃ
272 3330 440 3426 πάρεδρος
451 3337 480 3423 ³)
508 3337 564 3405 Or.
595 3333 702 3405 16872.
724 3340 785 3404 His
814 3339 897 3406 addo
919 3340 981 3426 frg.
1012 3339 1148 3415 7751962
1168 3327 1313 3437 ἐντόπιρί

351 3580 356 3591 Ι
413 3570 417 3585 1

241 3689 261 3758 ¹)
278 3691 294 3741 l.
314 3706 337 3742 o.
355 3707 381 3758 p.
400 3694 440 3743 61.

239 3781 260 3849 ⁹)
280 3784 403 3836 conferas
427 3784 506 3837 stiam
523 3785 582 3836 Hel
601 3771 651 3838 457
677 3782 817 3865 συμφορᾶς
843 3779 1006 3864 ιύδαίριονος;
1033 3803 1057 3838 v.
1076 3787 1127 3837 698
1154 3782 1203 3860 τῆς
1228 3779 1310 3860 nim

166 3867 317 3947 νδδιαμονος
325 3863 448 3947 εὔχαρις
457 3872 519 3923 Jon.
531 3874 595 3924 160⁶
604 3867 744 3951 εὐδαίμονα
752 3867 861 3951 πότμον,
871 3873 918 3924 ubi
925 3878 1019 3934 tamen,
1036 3887 1094 3922 oum
1105 3867 1242 3935 ια’δαιαινν,
1253 3873 1313 3927 δυσ·

168 3957 274 4034 «laipno,
293 3949 396 4033 ἅτυχὴς
414 3952 551 4032 δυστυχής
568 3956 614 4008 vix
633 3959 689 4025 jam
707 3958 907 4026 eompositorum
927 3959 976 4010 vim
991 3957 1164 4020 servaverint,
1192 3958 1225 4010 de
1242 3958 1313 4025 quis·

168 4047 256 4095 soente
274 4043 381 4096 alterius
398 4042 508 4094 membri
524 4059 602 4095 sensu
620 4043 705 4095 δίοιτο
723 4061 775 4096 non
792 4045 883 4096 susim.

239 4135 260 4202 ³)
281 4135 417 4204 Singulars
435 4136 608 4188 abundantias
626 4137 775 4205 exemplum
793 4138 873 4190 habes
891 4138 968 4191 etiam
987 4139 1049 4189 Her.
1079 4139 1128 4188 sur.
1149 4135 1232 4190 1070*
1248 4130 1311 4193 α’πδ·

167 4243 259 4297 κροφον
278 4223 358 4298 δόμος
376 4221 473 4296 κρύφα,
491 4223 565 4290 quod
581 4218 647 4274 nihil
666 4224 752 4276 differt
763 4240 779 4273 a
791 4226 871 4304 δέμας
889 4219 1044 4298 ἀποκρύψας
1063 4223 1096 4275 of.
1114 4222 1176 4275 Joh.
1195 4221 1311 4275 Belimin-

169 4306 234 4359 tinm
252 4307 268 4358 l.
288 4323 311 4360 ο.
328 4324 354 4375 p.
372 4312 415 4360 36.
967 4336 970 4341 ·
1038 4362 1040 4366 ,
