<?xml version="1.0" encoding="UTF-8"?>
<!DOCTYPE html PUBLIC "-//W3C//DTD XHTML 1.0 Transitional//EN"
    "http://www.w3.org/TR/xhtml1/DTD/xhtml1-transitional.dtd">
<html xmlns="http://www.w3.org/1999/xhtml" xml:lang="en" lang="en">
 <head>
  <title>
</title>
<meta http-equiv="Content-Type" content="text/html;charset=utf-8" />
  <meta name='ocr-system' content='tesseract 3.04.00' />
  <meta name='ocr-capabilities' content='ocr_page ocr_carea ocr_par ocr_line ocrx_word'/>
</head>
<body>
  <div class='ocr_page' id='page_1' title='image "./deepithetorumco00roemgoog_0024.png"; bbox 0 0 2738 4830; ppageno 0'>
   <div class='ocr_carea' id='block_1_1' title="bbox 83 1658 1229 2394">
    <p class='ocr_par' dir='ltr' id='par_1_1' title="bbox 83 1658 1229 2394">
     <span class='ocr_line' id='line_1_1' title="bbox 115 1658 1229 1748; baseline 0.003 -24"><span class='ocrx_word' id='word_1_1' title='bbox 115 1681 117 1686; x_wconf 89' lang='lat'>·</span> <span class='ocrx_word' id='word_1_2' title='bbox 171 1661 222 1724; x_wconf 90' lang='lat' dir='ltr'>De</span> <span class='ocrx_word' id='word_1_3' title='bbox 245 1659 427 1746; x_wconf 90' lang='lat' dir='ltr'>compositis</span> <span class='ocrx_word' id='word_1_4' title='bbox 450 1658 583 1725; x_wconf 87' lang='lat' dir='ltr'>Graecis</span> <span class='ocrx_word' id='word_1_5' title='bbox 613 1680 694 1746; x_wconf 92' lang='lat' dir='ltr'>quae</span> <span class='ocrx_word' id='word_1_6' title='bbox 723 1659 783 1724; x_wconf 82' lang='lat' dir='ltr'>viri</span> <span class='ocrx_word' id='word_1_7' title='bbox 804 1658 888 1725; x_wconf 90' lang='lat' dir='ltr'>docti</span> <span class='ocrx_word' id='word_1_8' title='bbox 916 1682 1012 1748; x_wconf 89' lang='lat' dir='ltr'>opera</span> <span class='ocrx_word' id='word_1_9' title='bbox 1034 1661 1229 1748; x_wconf 89' lang='lat' dir='ltr'>scripserunt</span> 
     </span>
     <span class='ocr_line' id='line_1_2' title="bbox 84 1767 1227 1857; baseline 0.003 -25"><span class='ocrx_word' id='word_1_10' title='bbox 84 1789 127 1832; x_wconf 86' lang='lat' dir='ltr'>ex</span> <span class='ocrx_word' id='word_1_11' title='bbox 159 1789 222 1854; x_wconf 93' lang='lat' dir='ltr'>quo</span> <span class='ocrx_word' id='word_1_12' title='bbox 244 1770 373 1832; x_wconf 90' lang='lat' dir='ltr'>omnino</span> <span class='ocrx_word' id='word_1_13' title='bbox 395 1767 455 1832; x_wconf 91' lang='lat' dir='ltr'>coli</span> <span class='ocrx_word' id='word_1_14' title='bbox 490 1776 603 1854; x_wconf 89' lang='lat' dir='ltr'>coepta</span> <span class='ocrx_word' id='word_1_15' title='bbox 624 1777 673 1831; x_wconf 88' lang='lat' dir='ltr'>est</span> <span class='ocrx_word' id='word_1_16' title='bbox 694 1770 902 1854; x_wconf 81' lang='lat' dir='ltr'>grammatica</span> <span class='ocrx_word' id='word_1_17' title='bbox 921 1771 1158 1857; x_wconf 84' lang='lat' dir='ltr'>comparativa,</span> <span class='ocrx_word' id='word_1_18' title='bbox 1189 1793 1227 1835; x_wconf 83' lang='lat' dir='ltr'>ea</span> 
     </span>
     <span class='ocr_line' id='line_1_3' title="bbox 83 1874 1226 1961; baseline 0.004 -24"><span class='ocrx_word' id='word_1_19' title='bbox 83 1875 175 1938; x_wconf 87' lang='lat' dir='ltr'>initio</span> <span class='ocrx_word' id='word_1_20' title='bbox 197 1874 263 1940; x_wconf 82' lang='lat' dir='ltr'>fere</span> <span class='ocrx_word' id='word_1_21' title='bbox 286 1876 392 1940; x_wconf 91' lang='lat' dir='ltr'>omnia</span> <span class='ocrx_word' id='word_1_22' title='bbox 413 1877 458 1940; x_wconf 89' lang='lat' dir='ltr'>ita</span> <span class='ocrx_word' id='word_1_23' title='bbox 479 1883 660 1961; x_wconf 86' lang='lat' dir='ltr'>comparata</span> <span class='ocrx_word' id='word_1_24' title='bbox 682 1885 790 1959; x_wconf 88' lang='lat' dir='ltr'>erant,</span> <span class='ocrx_word' id='word_1_25' title='bbox 819 1884 854 1941; x_wconf 90' lang='lat' dir='ltr'>ut</span> <span class='ocrx_word' id='word_1_26' title='bbox 876 1875 992 1941; x_wconf 83' lang='lat' dir='ltr'>autad</span> <span class='ocrx_word' id='word_1_27' title='bbox 1014 1885 1113 1941; x_wconf 89' lang='lat' dir='ltr'>totam</span> <span class='ocrx_word' id='word_1_28' title='bbox 1133 1899 1226 1942; x_wconf 86' lang='lat' dir='ltr'>voca-</span> 
     </span>
     <span class='ocr_line' id='line_1_4' title="bbox 83 1982 1228 2071; baseline 0.003 -24"><span class='ocrx_word' id='word_1_29' title='bbox 83 1983 229 2047; x_wconf 89' lang='lat' dir='ltr'>bulorum</span> <span class='ocrx_word' id='word_1_30' title='bbox 260 1984 505 2069; x_wconf 88' lang='lat' dir='ltr'>compositorum</span> <span class='ocrx_word' id='word_1_31' title='bbox 538 1982 771 2048; x_wconf 81' lang='lat' dir='ltr'>multitudinem</span> <span class='ocrx_word' id='word_1_32' title='bbox 803 1985 922 2070; x_wconf 86' lang='lat' dir='ltr'>pariter</span> <span class='ocrx_word' id='word_1_33' title='bbox 955 1995 1137 2071; x_wconf 78' lang='lat' dir='ltr'>spectarent</span> <span class='ocrx_word' id='word_1_34' title='bbox 1173 1996 1228 2051; x_wconf 90' lang='lat' dir='ltr'>aut</span> 
     </span>
     <span class='ocr_line' id='line_1_5' title="bbox 84 2089 1228 2180; baseline 0.003 -27"><span class='ocrx_word' id='word_1_35' title='bbox 84 2091 125 2153; x_wconf 90' lang='lat' dir='ltr'>de</span> <span class='ocrx_word' id='word_1_36' title='bbox 146 2099 234 2154; x_wconf 89' lang='lat' dir='ltr'>certa</span> <span class='ocrx_word' id='word_1_37' title='bbox 254 2089 391 2177; x_wconf 89' lang='lat' dir='ltr'>quadam</span> <span class='ocrx_word' id='word_1_38' title='bbox 411 2091 538 2155; x_wconf 91' lang='lat' dir='ltr'>illorum</span> <span class='ocrx_word' id='word_1_39' title='bbox 559 2092 659 2156; x_wconf 88' lang='lat' dir='ltr'>classe</span> <span class='ocrx_word' id='word_1_40' title='bbox 682 2099 806 2172; x_wconf 90' lang='lat' dir='ltr'>essent,</span> <span class='ocrx_word' id='word_1_41' title='bbox 826 2113 923 2178; x_wconf 89' lang='lat' dir='ltr'>quam</span> <span class='ocrx_word' id='word_1_42' title='bbox 946 2113 963 2156; x_wconf 93' lang='lat' dir='ltr'>e</span> <span class='ocrx_word' id='word_1_43' title='bbox 985 2101 1050 2157; x_wconf 92' lang='lat' dir='ltr'>toto</span> <span class='ocrx_word' id='word_1_44' title='bbox 1073 2094 1228 2180; x_wconf 89' lang='lat' dir='ltr'>composi-</span> 
     </span>
     <span class='ocr_line' id='line_1_6' title="bbox 85 2197 1227 2287; baseline 0.002 -25"><span class='ocrx_word' id='word_1_45' title='bbox 85 2208 190 2262; x_wconf 89' lang='lat' dir='ltr'>torum</span> <span class='ocrx_word' id='word_1_46' title='bbox 211 2197 357 2262; x_wconf 88' lang='lat' dir='ltr'>thesauro</span> <span class='ocrx_word' id='word_1_47' title='bbox 379 2199 575 2263; x_wconf 83' lang='lat' dir='ltr'>tractandam</span> <span class='ocrx_word' id='word_1_48' title='bbox 598 2199 659 2263; x_wconf 88' lang='lat' dir='ltr'>sibi</span> <span class='ocrx_word' id='word_1_49' title='bbox 681 2200 848 2286; x_wconf 78' lang='lat' dir='ltr'>scriptores</span> <span class='ocrx_word' id='word_1_50' title='bbox 871 2201 1051 2286; x_wconf 83' lang='lat' dir='ltr'>elegissent.</span> <span class='ocrx_word' id='word_1_51' title='bbox 1090 2200 1134 2265; x_wconf 78' lang='lat' dir='ltr'>Et</span> <span class='ocrx_word' id='word_1_52' title='bbox 1154 2223 1227 2287; x_wconf 94' lang='lat' dir='ltr'>pro·</span> 
     </span>
     <span class='ocr_line' id='line_1_7' title="bbox 83 2305 1225 2394; baseline 0.003 -25"><span class='ocrx_word' id='word_1_53' title='bbox 83 2305 168 2370; x_wconf 86' lang='lat' dir='ltr'>fecto</span> <span class='ocrx_word' id='word_1_54' title='bbox 181 2306 188 2369; x_wconf 94' lang='lat' dir='ltr'>l</span> <span class='ocrx_word' id='word_1_55' title='bbox 210 2307 299 2371; x_wconf 90' lang='lat' dir='ltr'>initio</span> <span class='ocrx_word' id='word_1_56' title='bbox 311 2330 351 2371; x_wconf 90' lang='lat' dir='ltr'>ne</span> <span class='ocrx_word' id='word_1_57' title='bbox 366 2317 538 2394; x_wconf 87' lang='lat' dir='ltr'>potuerunt</span> <span class='ocrx_word' id='word_1_58' title='bbox 550 2306 679 2393; x_wconf 92' lang='lat' dir='ltr'>quidem</span> <span class='ocrx_word' id='word_1_59' title='bbox 695 2307 788 2371; x_wconf 88' lang='lat' dir='ltr'>aliam</span> <span class='ocrx_word' id='word_1_60' title='bbox 802 2308 847 2371; x_wconf 92' lang='lat' dir='ltr'>illi</span> <span class='ocrx_word' id='word_1_61' title='bbox 862 2308 945 2372; x_wconf 86' lang='lat' dir='ltr'>viam</span> <span class='ocrx_word' id='word_1_62' title='bbox 960 2307 1087 2393; x_wconf 81' lang='lat' dir='ltr'>ingredi</span> <span class='ocrx_word' id='word_1_63' title='bbox 1099 2332 1106 2389; x_wconf 69' lang='grc' dir='ltr'><strong><em>ς</em></strong></span> <span class='ocrx_word' id='word_1_64' title='bbox 1121 2309 1225 2394; x_wconf 91' lang='lat' dir='ltr'>primo</span> 
     </span>
    </p>
   </div>
   <div class='ocr_carea' id='block_1_2' title="bbox 80 2414 1232 3901">
    <p class='ocr_par' dir='ltr' id='par_1_2' title="bbox 80 2414 1232 3685">
     <span class='ocr_line' id='line_1_8' title="bbox 84 2414 1226 2501; baseline 0 -22"><span class='ocrx_word' id='word_1_65' title='bbox 84 2415 168 2479; x_wconf 90' lang='lat' dir='ltr'>enim</span> <span class='ocrx_word' id='word_1_66' title='bbox 190 2414 279 2499; x_wconf 88' lang='lat' dir='ltr'>leges</span> <span class='ocrx_word' id='word_1_67' title='bbox 300 2415 540 2479; x_wconf 80' lang='lat' dir='ltr'>constituendae</span> <span class='ocrx_word' id='word_1_68' title='bbox 563 2423 663 2497; x_wconf 82' lang='lat' dir='ltr'>erant,</span> <span class='ocrx_word' id='word_1_69' title='bbox 688 2435 766 2500; x_wconf 87' lang='lat' dir='ltr'>quas</span> <span class='ocrx_word' id='word_1_70' title='bbox 787 2415 820 2478; x_wconf 92' lang='lat' dir='ltr'>in</span> <span class='ocrx_word' id='word_1_71' title='bbox 844 2415 1073 2501; x_wconf 86' lang='lat' dir='ltr'>componendis</span> <span class='ocrx_word' id='word_1_72' title='bbox 1094 2416 1226 2479; x_wconf 90' lang='lat' dir='ltr'>nomini-</span> 
     </span>
     <span class='ocr_line' id='line_1_9' title="bbox 84 2521 1225 2608; baseline 0.001 -23"><span class='ocrx_word' id='word_1_73' title='bbox 84 2521 144 2585; x_wconf 90' lang='lat' dir='ltr'>bus</span> <span class='ocrx_word' id='word_1_74' title='bbox 174 2558 216 2568; x_wconf 93' lang='lat'>-</span> <span class='ocrx_word' id='word_1_75' title='bbox 247 2544 319 2585; x_wconf 89' lang='lat' dir='ltr'>nam</span> <span class='ocrx_word' id='word_1_76' title='bbox 352 2521 391 2586; x_wconf 93' lang='lat' dir='ltr'>de</span> <span class='ocrx_word' id='word_1_77' title='bbox 425 2523 475 2585; x_wconf 89' lang='lat' dir='ltr'>his</span> <span class='ocrx_word' id='word_1_78' title='bbox 511 2522 585 2586; x_wconf 88' lang='lat' dir='ltr'>solis</span> <span class='ocrx_word' id='word_1_79' title='bbox 623 2523 731 2608; x_wconf 81' lang='lat' dir='ltr'>agitur</span> <span class='ocrx_word' id='word_1_80' title='bbox 751 2521 933 2588; x_wconf 84' lang='lat' dir='ltr'>-Graeci</span> <span class='ocrx_word' id='word_1_81' title='bbox 969 2524 1068 2587; x_wconf 89' lang='lat' dir='ltr'>secuti</span> <span class='ocrx_word' id='word_1_82' title='bbox 1100 2532 1225 2606; x_wconf 80' lang='lat' dir='ltr'>essent3</span> 
     </span>
     <span class='ocr_line' id='line_1_10' title="bbox 83 2628 1225 2716; baseline 0 -23"><span class='ocrx_word' id='word_1_83' title='bbox 83 2639 196 2715; x_wconf 88' lang='lat' dir='ltr'>postea</span> <span class='ocrx_word' id='word_1_84' title='bbox 224 2629 274 2692; x_wconf 88' lang='lat' dir='ltr'>his</span> <span class='ocrx_word' id='word_1_85' title='bbox 290 2629 360 2716; x_wconf 90' lang='lat' dir='ltr'>jam</span> <span class='ocrx_word' id='word_1_86' title='bbox 382 2629 556 2715; x_wconf 82' lang='lat' dir='ltr'>exploratis</span> <span class='ocrx_word' id='word_1_87' title='bbox 586 2628 742 2693; x_wconf 87' lang='lat' dir='ltr'>etiamad</span> <span class='ocrx_word' id='word_1_88' title='bbox 765 2630 907 2714; x_wconf 83' lang='lat' dir='ltr'>singulas</span> <span class='ocrx_word' id='word_1_89' title='bbox 929 2631 1131 2716; x_wconf 85' lang='lat' dir='ltr'>quaestiones</span> <span class='ocrx_word' id='word_1_90' title='bbox 1154 2629 1225 2694; x_wconf 85' lang='lat' dir='ltr'>sub·</span> 
     </span>
     <span class='ocr_line' id='line_1_11' title="bbox 83 2733 1224 2825; baseline 0 -24"><span class='ocrx_word' id='word_1_91' title='bbox 83 2736 168 2802; x_wconf 87' lang='lat' dir='ltr'>tilius</span> <span class='ocrx_word' id='word_1_92' title='bbox 199 2737 435 2824; x_wconf 85' lang='lat' dir='ltr'>persequendas</span> <span class='ocrx_word' id='word_1_93' title='bbox 454 2738 507 2801; x_wconf 80' lang='lat' dir='ltr'>via</span> <span class='ocrx_word' id='word_1_94' title='bbox 535 2737 626 2802; x_wconf 86' lang='lat' dir='ltr'>facile</span> <span class='ocrx_word' id='word_1_95' title='bbox 655 2738 764 2825; x_wconf 86' lang='lat' dir='ltr'>patuit.</span> <span class='ocrx_word' id='word_1_96' title='bbox 809 2733 863 2802; x_wconf 86' lang='lat' dir='ltr'>Sic</span> <span class='ocrx_word' id='word_1_97' title='bbox 893 2739 1073 2823; x_wconf 87' lang='lat' dir='ltr'>nuperrime</span> <span class='ocrx_word' id='word_1_98' title='bbox 1096 2739 1224 2802; x_wconf 88' lang='lat' dir='ltr'>exstite-</span> 
     </span>
     <span class='ocr_line' id='line_1_12' title="bbox 83 2844 1225 2932; baseline -0.003 -22"><span class='ocrx_word' id='word_1_99' title='bbox 83 2854 175 2928; x_wconf 90' lang='lat' dir='ltr'>runt,</span> <span class='ocrx_word' id='word_1_100' title='bbox 198 2846 252 2932; x_wconf 93' lang='lat' dir='ltr'>qui</span> <span class='ocrx_word' id='word_1_101' title='bbox 272 2845 305 2908; x_wconf 94' lang='lat' dir='ltr'>in</span> <span class='ocrx_word' id='word_1_102' title='bbox 328 2846 573 2931; x_wconf 88' lang='lat' dir='ltr'>compositorum</span> <span class='ocrx_word' id='word_1_103' title='bbox 596 2868 707 2924; x_wconf 90' lang='lat' dir='ltr'>usum,</span> <span class='ocrx_word' id='word_1_104' title='bbox 730 2844 832 2930; x_wconf 91' lang='lat' dir='ltr'>qualis</span> <span class='ocrx_word' id='word_1_105' title='bbox 855 2844 939 2932; x_wconf 86' lang='lat' dir='ltr'>apud</span> <span class='ocrx_word' id='word_1_106' title='bbox 961 2846 1044 2908; x_wconf 93' lang='lat' dir='ltr'>hunc</span> <span class='ocrx_word' id='word_1_107' title='bbox 1066 2844 1225 2909; x_wconf 89' lang='lat' dir='ltr'>velillum</span> 
     </span>
     <span class='ocr_line' id='line_1_13' title="bbox 83 2952 1226 3040; baseline -0.002 -22"><span class='ocrx_word' id='word_1_108' title='bbox 83 2953 268 3040; x_wconf 86' lang='lat' dir='ltr'>scriptorem</span> <span class='ocrx_word' id='word_1_109' title='bbox 297 2953 451 3033; x_wconf 88' lang='lat' dir='ltr'>cernitur,</span> <span class='ocrx_word' id='word_1_110' title='bbox 483 2954 657 3017; x_wconf 80' lang='lat' dir='ltr'>accuratius</span> <span class='ocrx_word' id='word_1_111' title='bbox 693 2952 946 3039; x_wconf 89' lang='lat' dir='ltr'>inquirerent¹);</span> <span class='ocrx_word' id='word_1_112' title='bbox 979 2952 1088 3037; x_wconf 85' lang='lat' dir='ltr'>quanti</span> <span class='ocrx_word' id='word_1_113' title='bbox 1120 2960 1226 3016; x_wconf 91' lang='lat' dir='ltr'>autem</span> 
     </span>
     <span class='ocr_line' id='line_1_14' title="bbox 83 3057 1226 3147; baseline -0.001 -22"><span class='ocrx_word' id='word_1_114' title='bbox 83 3059 241 3147; x_wconf 91' lang='lat' dir='ltr'>ejusmodi</span> <span class='ocrx_word' id='word_1_115' title='bbox 262 3059 437 3146; x_wconf 85' lang='lat' dir='ltr'>peculiares</span> <span class='ocrx_word' id='word_1_116' title='bbox 459 3062 660 3147; x_wconf 89' lang='lat' dir='ltr'>quaestiones</span> <span class='ocrx_word' id='word_1_117' title='bbox 676 3057 890 3124; x_wconf 86' lang='lat' dir='ltr'>aestimandae</span> <span class='ocrx_word' id='word_1_118' title='bbox 906 3060 970 3124; x_wconf 91' lang='lat' dir='ltr'>sint</span> <span class='ocrx_word' id='word_1_119' title='bbox 990 3081 1032 3123; x_wconf 93' lang='lat' dir='ltr'>ne</span> <span class='ocrx_word' id='word_1_120' title='bbox 1047 3060 1144 3124; x_wconf 88' lang='lat' dir='ltr'>verbo</span> <span class='ocrx_word' id='word_1_121' title='bbox 1160 3060 1226 3146; x_wconf 92' lang='lat' dir='ltr'>qui-</span> 
     </span>
     <span class='ocr_line' id='line_1_15' title="bbox 84 3165 1224 3254; baseline -0.003 -22"><span class='ocrx_word' id='word_1_122' title='bbox 84 3168 157 3232; x_wconf 91' lang='lat' dir='ltr'>dem</span> <span class='ocrx_word' id='word_1_123' title='bbox 180 3165 404 3254; x_wconf 89' lang='lat' dir='ltr'>exponendum</span> <span class='ocrx_word' id='word_1_124' title='bbox 427 3169 494 3250; x_wconf 91' lang='lat' dir='ltr'>erit,</span> <span class='ocrx_word' id='word_1_125' title='bbox 517 3169 592 3253; x_wconf 88' lang='lat' dir='ltr'>quia</span> <span class='ocrx_word' id='word_1_126' title='bbox 611 3187 670 3253; x_wconf 88' lang='lat' dir='ltr'>per</span> <span class='ocrx_word' id='word_1_127' title='bbox 691 3188 725 3231; x_wconf 90' lang='lat' dir='ltr'>se</span> <span class='ocrx_word' id='word_1_128' title='bbox 740 3168 818 3231; x_wconf 86' lang='lat' dir='ltr'>satis</span> <span class='ocrx_word' id='word_1_129' title='bbox 840 3188 892 3231; x_wconf 91' lang='lat' dir='ltr'>res</span> <span class='ocrx_word' id='word_1_130' title='bbox 907 3167 1019 3231; x_wconf 92' lang='lat' dir='ltr'>elucet.</span> <span class='ocrx_word' id='word_1_131' title='bbox 1041 3165 1114 3230; x_wconf 90' lang='lat' dir='ltr'>Hoc</span> <span class='ocrx_word' id='word_1_132' title='bbox 1127 3187 1224 3230; x_wconf 93' lang='lat' dir='ltr'>unum</span> 
     </span>
     <span class='ocr_line' id='line_1_16' title="bbox 82 3273 1226 3362; baseline -0.003 -23"><span class='ocrx_word' id='word_1_133' title='bbox 82 3277 177 3340; x_wconf 86' lang='lat' dir='ltr'>velim</span> <span class='ocrx_word' id='word_1_134' title='bbox 199 3278 231 3339; x_wconf 91' lang='lat' dir='ltr'>in</span> <span class='ocrx_word' id='word_1_135' title='bbox 252 3276 436 3339; x_wconf 86' lang='lat' dir='ltr'>memoriam</span> <span class='ocrx_word' id='word_1_136' title='bbox 458 3274 516 3338; x_wconf 88' lang='lat' dir='ltr'>tibi</span> <span class='ocrx_word' id='word_1_137' title='bbox 537 3296 633 3339; x_wconf 90' lang='lat' dir='ltr'>voces</span> <span class='ocrx_word' id='word_1_138' title='bbox 667 3275 787 3360; x_wconf 88' lang='lat' dir='ltr'>justam</span> <span class='ocrx_word' id='word_1_139' title='bbox 821 3297 859 3339; x_wconf 83' lang='lat' dir='ltr'>ac</span> <span class='ocrx_word' id='word_1_140' title='bbox 879 3274 1007 3362; x_wconf 91' lang='lat' dir='ltr'>plenam</span> <span class='ocrx_word' id='word_1_141' title='bbox 1028 3273 1226 3338; x_wconf 85' lang='lat' dir='ltr'>Graecorum</span> 
     </span>
     <span class='ocr_line' id='line_1_17' title="bbox 82 3381 1232 3471; baseline -0.002 -24"><span class='ocrx_word' id='word_1_142' title='bbox 82 3385 329 3471; x_wconf 86' lang='lat' dir='ltr'>compositorum</span> <span class='ocrx_word' id='word_1_143' title='bbox 349 3382 529 3462; x_wconf 87' lang='lat' dir='ltr'>historiam,</span> <span class='ocrx_word' id='word_1_144' title='bbox 562 3383 652 3468; x_wconf 89' lang='lat' dir='ltr'>cujus</span> <span class='ocrx_word' id='word_1_145' title='bbox 670 3382 738 3467; x_wconf 92' lang='lat' dir='ltr'>jam</span> <span class='ocrx_word' id='word_1_146' title='bbox 760 3385 793 3447; x_wconf 90' lang='lat' dir='ltr'>in</span> <span class='ocrx_word' id='word_1_147' title='bbox 827 3383 895 3448; x_wconf 89' lang='lat' dir='ltr'>dies</span> <span class='ocrx_word' id='word_1_148' title='bbox 928 3381 1048 3466; x_wconf 91' lang='lat' dir='ltr'>majore</span> <span class='ocrx_word' id='word_1_149' title='bbox 1081 3391 1232 3446; x_wconf 91' lang='lat' dir='ltr'>tenemur.</span> 
     </span>
     <span class='ocr_line' id='line_1_18' title="bbox 82 3488 1225 3579; baseline -0.004 -22"><span class='ocrx_word' id='word_1_150' title='bbox 82 3491 258 3574; x_wconf 88' lang='lat' dir='ltr'>desiderio,</span> <span class='ocrx_word' id='word_1_151' title='bbox 291 3513 355 3556; x_wconf 91' lang='lat' dir='ltr'>non</span> <span class='ocrx_word' id='word_1_152' title='bbox 377 3499 471 3555; x_wconf 89' lang='lat' dir='ltr'>antea</span> <span class='ocrx_word' id='word_1_153' title='bbox 503 3490 660 3555; x_wconf 88' lang='lat' dir='ltr'>conscribi</span> <span class='ocrx_word' id='word_1_154' title='bbox 682 3512 776 3577; x_wconf 88' lang='lat' dir='ltr'>posse</span> <span class='ocrx_word' id='word_1_155' title='bbox 788 3540 796 3573; x_wconf 98' lang='lat'>,</span> <span class='ocrx_word' id='word_1_156' title='bbox 820 3513 914 3579; x_wconf 91' lang='lat' dir='ltr'>quam</span> <span class='ocrx_word' id='word_1_157' title='bbox 936 3488 975 3554; x_wconf 89' lang='lat' dir='ltr'>de</span> <span class='ocrx_word' id='word_1_158' title='bbox 998 3489 1225 3555; x_wconf 90' lang='lat' dir='ltr'>consuetudine</span> 
     </span>
     <span class='ocr_line' id='line_1_19' title="bbox 80 3598 744 3685; baseline -0.005 -20"><span class='ocrx_word' id='word_1_159' title='bbox 80 3601 159 3666; x_wconf 91' lang='lat' dir='ltr'>satis</span> <span class='ocrx_word' id='word_1_160' title='bbox 181 3607 303 3664; x_wconf 90' lang='lat' dir='ltr'>constet</span> <span class='ocrx_word' id='word_1_161' title='bbox 326 3599 524 3685; x_wconf 86' lang='lat' dir='ltr'>singulorum</span> <span class='ocrx_word' id='word_1_162' title='bbox 545 3598 744 3685; x_wconf 89' lang='lat' dir='ltr'>scriptorum.</span> 
     </span>
    </p>

    <p class='ocr_par' dir='ltr' id='par_1_3' title="bbox 84 3704 1226 3901">
     <span class='ocr_line' id='line_1_20' title="bbox 167 3704 1226 3795; baseline -0.004 -22"><span class='ocrx_word' id='word_1_163' title='bbox 167 3710 286 3795; x_wconf 86' lang='lat' dir='ltr'>Atque,</span> <span class='ocrx_word' id='word_1_164' title='bbox 308 3706 341 3772; x_wconf 92' lang='lat' dir='ltr'>id</span> <span class='ocrx_word' id='word_1_165' title='bbox 356 3705 442 3794; x_wconf 93' lang='lat' dir='ltr'>quod</span> <span class='ocrx_word' id='word_1_166' title='bbox 458 3707 572 3770; x_wconf 92' lang='lat' dir='ltr'>mirum</span> <span class='ocrx_word' id='word_1_167' title='bbox 595 3707 713 3770; x_wconf 88' lang='lat' dir='ltr'>nemini</span> <span class='ocrx_word' id='word_1_168' title='bbox 728 3705 895 3788; x_wconf 88' lang='lat' dir='ltr'>videbitur,</span> <span class='ocrx_word' id='word_1_169' title='bbox 918 3706 972 3791; x_wconf 94' lang='lat' dir='ltr'>qui</span> <span class='ocrx_word' id='word_1_170' title='bbox 994 3704 1032 3768; x_wconf 90' lang='lat' dir='ltr'>ab</span> <span class='ocrx_word' id='word_1_171' title='bbox 1055 3704 1114 3769; x_wconf 88' lang='lat' dir='ltr'>hac</span> <span class='ocrx_word' id='word_1_172' title='bbox 1135 3714 1226 3792; x_wconf 89' lang='lat' dir='ltr'>parte</span> 
     </span>
     <span class='ocr_line' id='line_1_21' title="bbox 84 3813 1225 3901; baseline -0.004 -21"><span class='ocrx_word' id='word_1_173' title='bbox 84 3817 162 3881; x_wconf 89' lang='lat' dir='ltr'>certi</span> <span class='ocrx_word' id='word_1_174' title='bbox 183 3814 347 3898; x_wconf 89' lang='lat' dir='ltr'>cujusdam</span> <span class='ocrx_word' id='word_1_175' title='bbox 370 3814 531 3900; x_wconf 86' lang='lat' dir='ltr'>scriptoris</span> <span class='ocrx_word' id='word_1_176' title='bbox 547 3836 644 3900; x_wconf 88' lang='lat' dir='ltr'>opera</span> <span class='ocrx_word' id='word_1_177' title='bbox 662 3813 890 3901; x_wconf 89' lang='lat' dir='ltr'>perscrutanda</span> <span class='ocrx_word' id='word_1_178' title='bbox 904 3813 964 3876; x_wconf 91' lang='lat' dir='ltr'>sibi</span> <span class='ocrx_word' id='word_1_179' title='bbox 985 3825 1225 3901; x_wconf 87' lang='lat' dir='ltr'>proposuerant,</span> 
     </span>
    </p>
   </div>
   <div class='ocr_carea' id='block_1_3' title="bbox 81 4115 1225 4356">
    <p class='ocr_par' dir='ltr' id='par_1_4' title="bbox 81 4115 1225 4356">
     <span class='ocr_line' id='line_1_22' title="bbox 153 4115 1225 4185; baseline -0.004 -16"><span class='ocrx_word' id='word_1_180' title='bbox 153 4118 247 4185; x_wconf 81' lang='grc' dir='ltr'>ί)11ο11</span> <span class='ocrx_word' id='word_1_181' title='bbox 265 4118 356 4168; x_wconf 88' lang='lat' dir='ltr'>horum</span> <span class='ocrx_word' id='word_1_182' title='bbox 383 4119 484 4181; x_wconf 91' lang='lat' dir='ltr'>solum,</span> <span class='ocrx_word' id='word_1_183' title='bbox 512 4117 557 4168; x_wconf 90' lang='lat' dir='ltr'>sed</span> <span class='ocrx_word' id='word_1_184' title='bbox 576 4117 698 4179; x_wconf 90' lang='lat' dir='ltr'>omnium,</span> <span class='ocrx_word' id='word_1_185' title='bbox 725 4117 771 4183; x_wconf 91' lang='lat' dir='ltr'>qui</span> <span class='ocrx_word' id='word_1_186' title='bbox 798 4117 824 4167; x_wconf 90' lang='lat' dir='ltr'>in</span> <span class='ocrx_word' id='word_1_187' title='bbox 847 4116 1000 4183; x_wconf 83' lang='lat' dir='ltr'>compositis</span> <span class='ocrx_word' id='word_1_188' title='bbox 1014 4115 1121 4167; x_wconf 81' lang='lat' dir='ltr'>Graecis</span> <span class='ocrx_word' id='word_1_189' title='bbox 1138 4121 1225 4167; x_wconf 82' lang='lat' dir='ltr'>nostra</span> 
     </span>
     <span class='ocr_line' id='line_1_23' title="bbox 81 4201 1224 4270; baseline -0.003 -15"><span class='ocrx_word' id='word_1_190' title='bbox 81 4208 167 4256; x_wconf 70' lang='lat' dir='ltr'>aetate</span> <span class='ocrx_word' id='word_1_191' title='bbox 185 4204 396 4265; x_wconf 82' lang='lat' dir='ltr'>elaboraverunt,</span> <span class='ocrx_word' id='word_1_192' title='bbox 415 4205 549 4255; x_wconf 87' lang='lat' dir='ltr'>doctorum</span> <span class='ocrx_word' id='word_1_193' title='bbox 567 4203 680 4254; x_wconf 86' lang='lat' dir='ltr'>viromm</span> <span class='ocrx_word' id='word_1_194' title='bbox 698 4219 776 4270; x_wconf 87' lang='lat' dir='ltr'>opera</span> <span class='ocrx_word' id='word_1_195' title='bbox 794 4218 809 4253; x_wconf 90' lang='grc'>1</span> <span class='ocrx_word' id='word_1_196' title='bbox 828 4205 860 4254; x_wconf 78' lang='lat' dir='ltr'>G.</span> <span class='ocrx_word' id='word_1_197' title='bbox 878 4203 985 4270; x_wconf 87' lang='lat' dir='ltr'>Meyero</span> <span class='ocrx_word' id='word_1_198' title='bbox 1003 4208 1091 4253; x_wconf 85' lang='lat' dir='ltr'>notata</span> <span class='ocrx_word' id='word_1_199' title='bbox 1107 4201 1224 4253; x_wconf 85' lang='lat' dir='ltr'>invenies</span> 
     </span>
     <span class='ocr_line' id='line_1_24' title="bbox 82 4287 1177 4356; baseline -0.004 -14"><span class='ocrx_word' id='word_1_200' title='bbox 82 4289 166 4343; x_wconf 85' lang='lat' dir='ltr'>Curtii</span> <span class='ocrx_word' id='word_1_201' title='bbox 183 4291 257 4343; x_wconf 71' lang='lat' dir='ltr'>stud.</span> <span class='ocrx_word' id='word_1_202' title='bbox 276 4291 298 4340; x_wconf 89' lang='lat' dir='ltr'>V</span> <span class='ocrx_word' id='word_1_203' title='bbox 315 4306 340 4356; x_wconf 78' lang='lat' dir='ltr'>p,</span> <span class='ocrx_word' id='word_1_204' title='bbox 362 4293 443 4353; x_wconf 77' lang='lat'><em>1-63</em></span> <span class='ocrx_word' id='word_1_205' title='bbox 461 4289 586 4342; x_wconf 83' lang='lat' dir='ltr'>nonnulla</span> <span class='ocrx_word' id='word_1_206' title='bbox 598 4289 738 4341; x_wconf 83' lang='lat' dir='ltr'>Olemmius</span> <span class='ocrx_word' id='word_1_207' title='bbox 756 4295 846 4355; x_wconf 81' lang='lat' dir='ltr'>postea</span> <span class='ocrx_word' id='word_1_208' title='bbox 862 4288 961 4340; x_wconf 80' lang='lat' dir='ltr'>addidit</span> <span class='ocrx_word' id='word_1_209' title='bbox 972 4288 1043 4339; x_wconf 74' lang='lat' dir='ltr'>scut.</span> <span class='ocrx_word' id='word_1_210' title='bbox 1056 4287 1104 4337; x_wconf 91' lang='lat' dir='ltr'>VII</span> <span class='ocrx_word' id='word_1_211' title='bbox 1116 4303 1141 4353; x_wconf 93' lang='lat' dir='ltr'>p.</span> <span class='ocrx_word' id='word_1_212' title='bbox 1157 4292 1177 4338; x_wconf 90' lang='grc'>1.</span> 
     </span>
    </p>
   </div>
   <div class='ocr_carea' id='block_1_4' title="bbox 1007 4376 1019 4438">
    <p class='ocr_par' dir='ltr' id='par_1_5' title="bbox 1007 4376 1019 4438">
     <span class='ocr_line' id='line_1_25' title="bbox 1007 4376 1019 4438; baseline 0 0"><span class='ocrx_word' id='word_1_213' title='bbox 1007 4376 1019 4438; x_wconf 89' lang='lat' dir='ltr'>l</span> 
     </span>
    </p>
   </div>
   <div class='ocr_carea' id='block_1_5' title="bbox 0 0 1374 4830">
    <p class='ocr_par' dir='ltr' id='par_1_6' title="bbox 0 0 1374 4830">
     <span class='ocr_line' id='line_1_26' title="bbox 0 0 1374 4830; baseline 0 1"><span class='ocrx_word' id='word_1_214' title='bbox 0 0 1374 4830; x_wconf 95' lang='lat' dir='ltr'> </span> 
     </span>
    </p>
   </div>
  </div>
 </body>
</html>
