2738 4830
588 444 784 510 „75-

118 628 327 716 posteriorum
348 629 538 716 scriptorum
559 628 726 716 operibus3
757 619 953 715 ἐχθρόξενος
978 629 1048 715 jsm
1067 635 1141 692 ante
1161 624 1255 689 Euri·

117 735 222 822 pidem
245 737 323 800 item
344 757 402 823 pro
425 733 658 824 dependentiee
680 736 853 823 composito
881 735 1059 823 Aeschylus
1091 733 1257 820 usurpavit

113 843 280 911 Prometh.
303 844 373 925 727,
395 843 484 932 Sept.
504 845 574 914 603.

566 1133 813 1143 ——-—-..--——·

552 1603 826 1688 Attributiva.

201 1815 292 1897 527.
336 1812 424 1879 [nter
451 1815 633 1881 attributivs
662 1822 847 1901 ceterosque
870 1812 1113 1898 compositorum
1144 1812 1259 1876 classes

120 1921 220 2008 quale
244 1920 411 1986 discrimen
448 1921 624 1987 intercedat
652 1922 796 1986 subtilius
827 1921 878 1986 hic
918 1919 1064 2006 persequi
1096 1921 1150 1984 vix
1181 1940 1261 2007 opus

113 2028 190 2111 erit,
212 2027 287 2115 quie
307 2028 400 2093 multi
421 2029 477 2093 viri
499 2028 585 2092 docti
605 2039 670 2096 tsm
692 2040 837 2095 accurate
858 2030 892 2094 in
912 2030 972 2096 hcc
992 2029 1125 2095 materis
1145 2026 1259 2092 versati

105 2134 184 2220 jam
205 2144 295 2218 sunt,
308 2145 343 2199 ut
363 2135 441 2201 nihil
462 2135 643 2201 addendum
665 2135 817 2203 videatur.
861 2135 928 2203 Sed
955 2138 995 2202 de
1027 2134 1188 2201 dividendi
1209 2155 1258 2198 rs-

112 2244 207 2310 tione
228 2244 337 2330 paucis
359 2242 585 2331 exponendum
606 2253 664 2326 est,
683 2267 777 2330 quem
795 2255 965 2332 sequentes
981 2244 1127 2331 exempla
1147 2250 1260 2329 postes

117 2351 334 2417 enumeraturi
355 2373 472 2416 sumus.
488 2377 532 2400 ¹-
557 2353 615 2435 Ac,
636 2373 676 2417 ne
698 2353 791 2417 nimis
805 2348 893 2419 'hoec
907 2351 1129 2418 commentatio
1151 2360 1260 2415 exten·

119 2459 224 2540 datur,
244 2479 348 2523 mecm
371 2459 476 2523 stetim
499 2461 690 2525 sententium
704 2459 875 2547 proferam.
920 2459 1036 2526 Totam
1057 2459 1155 2544 igitur
1175 2457 1259 2521 attri-

119 2567 301 2633 butivorum
330 2567 453 2654 copiam
485 2569 519 2630 in
541 2567 620 2633 duos
651 2577 760 2654 partes
791 2589 850 2654 pro
882 2590 920 2633 eo
960 2566 1147 2631 distribuere
1179 2563 1260 2646 licet,

121 2673 207 2761 quod
227 2673 371 2740 membre
390 2675 516 2741 illorum
538 2675 678 2743 secunde
698 2676 894 2762 simplicium,
917 2696 998 2762 quae
1018 2674 1095 2761 ipsis
1118 2672 1260 2753 subsunt,

121 2791 177 2848 sut
202 2783 363 2869 integram
393 2793 447 2849 eut
468 2792 624 2850 mutatam
655 2783 791 2850 formem
813 2783 963 2848 exhibere
984 2782 1137 2847 videmus.
1181 2777 1261 2845 Tale

120 2899 227 2959 cutem
249 2890 418 2957 discrimen
440 2891 499 2957 hoc
519 2892 590 2978 ipso
611 2893 679 2959 loco
702 2914 765 2956 non
787 2892 923 2978 primum
936 2913 994 2955 nos
1015 2909 1192 2954 memorare
1213 2887 1260 2951 in·

120 2999 232 3067 venies
253 2998 279 3063 si
301 3001 321 3080 ξ
344 2998 383 3063 13
404 2999 580 3086 inspexeris
586 3023 597 3082 ,·
619 2997 675 3068 sed
696 3001 728 3066 in
747 2999 931 3065 memoriam
953 2999 1011 3062 tibi
1032 3017 1171 3078 revoces,
1190 2995 1261 3080 jem

122 3127 219 3192 supro
240 3126 299 3170 nos
320 3105 574 3171 attributivorum
595 3106 795 3194 potissimum
815 3106 892 3173 illud
913 3105 1075 3193 proprium
1098 3125 1167 3168 esse
1189 3123 1262 3167 oon·

121 3211 272 3281 tendisse.
298 3211 369 3281 Nec
389 3214 536 3300 cuiquem
557 3215 671 3278 mirum
693 3213 754 3279 hoc
768 3213 937 3298 videbitur,
959 3213 1053 3279 modo
1075 3210 1261 3292 consideret,

122 3318 264 3386 secunde
283 3321 396 3387 horum
418 3321 561 3387 membre
583 3343 709 3408 semper
722 3321 894 3389 nominalis
909 3343 987 3399 esse,
1009 3341 1171 3407 nunquam
1192 3340 1262 3382 ver·

121 3428 214 3497 bolis

116 3518 120 3525 ⁴
207 3535 299 3616 Quae
333 3535 372 3602 de
393 3536 520 3601 mutetis
542 3537 730 3624 simplicium
750 3537 859 3602 formis
895 3546 926 3602 et
956 3534 1050 3622 hujus
1070 3533 1263 3622 peregraphi

121 3644 213 3710 initio
243 3652 276 3712 et
307 3648 327 3727 ὅ
362 3645 401 3710 13
434 3643 582 3729 diximus,
614 3667 652 3712 es
692 3667 759 3710 non
799 3667 929 3733 prorsus
962 3644 1084 3709 erudite
1112 3663 1264 3728 expresse

123 3759 223 3829 erent,
245 3751 302 3819 sed
323 3752 515 3819 cotidianum
536 3775 637 3839 paene
657 3753 806 3840 loquendi
827 3777 919 3819 usum
932 3752 1076 3821 redolere
1096 3750 1262 3833 videntur3

123 3881 222 3946 quere
243 3882 327 3925 nunc
348 3860 388 3924 ad
420 3869 521 3925 artem
548 3871 580 3926 et
599 3871 771 3949 praecepte
792 3861 1024 3948 quodammodo
1060 3868 1159 3924 totam
1180 3858 1263 3922 hsnc

122 3989 191 4036 rem
232 3989 383 4039 revocare
425 3990 584 4036 conemur.
648 3969 762 4057 Itaque
815 3970 953 4057 primum
995 3965 1164 4033 dicendum
1204 3972 1263 4048 est,

124 4097 203 4163 ques
231 4076 345 4164 stirpes
372 4077 405 4142 in
436 4076 576 4145 secunde
598 4076 808 4165 epithetorum
838 4077 914 4142 sedo
939 4100 958 4143 a
979 4075 1168 4163 simplicium
1200 4073 1262 4138 for-

124 4184 184 4253 mis
204 4183 355 4253 recedere
376 4184 539 4266 videmus,
571 4206 626 4250 ess
653 4194 708 4251 aut
726 4186 872 4250 mutilare
893 4206 949 4249 sue
968 4183 1101 4266 suffixa,
1124 4190 1179 4247 sut
1198 4180 1263 4246 sbi-

126 4314 200 4363 cere
219 4292 477 4383 objectorumque
498 4295 603 4361 locum
623 4293 714 4361 novis
735 4293 874 4381 explere,
894 4301 949 4358 sut
963 4292 1028 4361 suis
1043 4291 1166 4359 suffixis
1180 4312 1266 4357 nous
