2738 4830
592 83 794 147 „74-

124 264 174 328 Ac
193 264 328 350 primum
358 263 487 351 quidem
516 255 753 344 οἱχμολωτικός
780 264 896 349 legitur
917 263 1034 330 Troad.
1064 265 1124 330 871
1147 256 1262 346 δόμοις

122 365 223 437 τοῖσδ’
242 365 274 436 ἐν
295 367 559 456 αἰγμολονεικοῖςς
577 373 762 438 femininum
784 382 890 437 autem
912 368 1123 455 αἰχμάλωτός,
1144 373 1179 437 iu
1200 396 1261 460 quo

123 478 250 544 uberior
284 478 344 543 fuit
370 479 558 566 Euripides,
595 481 681 544 hisce
718 480 795 545 locis
835 480 970 546 occurrit
1003 503 1012 546 τ
1047 480 1128 546 Hec.
1174 482 1261 565 1016,

126 586 241 669 1096*,
272 587 369 669 112ογ
392 587 492 651 Andr.
516 587 592 670 962,
619 588 719 669 1059;
741 586 863 652 Phoen.
889 587 979 671 185*,
1009 588 1079 654 564.
1104 625 1139 635 -
1166 587 1264 654 Caret

124 692 239 757 suffixo
272 685 476 781 οἰστροπλήξ
506 695 619 781 furore
638 695 789 760 incitatus
817 719 825 759 ε
853 695 970 760 Bacch.
1001 696 1081 762 1229
1107 687 1264 783 Αὐτονόην

121 791 191 866 ’Ioui
211 793 317 882 δ’άμα
338 797 583 888 οἰστροπλῆγας.

204 907 388 975 Procedant
404 911 473 997 jam
495 932 576 997 quae
598 911 638 975 ab
661 910 825 997 adjectivis
846 911 1000 998 incipiunt
1021 914 1056 995 (ξ
1081 911 1132 996 13)
1156 934 1164 976 :
1188 902 1263 976 ἰσά-

123 1015 245 1103 δελφος
267 1040 274 1081 :
297 1016 353 1084 Or.
377 1019 476 1084 1015*
503 1009 657 1105 Πυλάδης
687 1009 864 1103 ἰσάδελφος
888 1010 988 1113 ,άνῆρί
1021 1055 1054 1066 ·-·
1086 1006 1262 1094 indracon:

123 1121 179 1190 Or.
211 1125 290 1190 200*
320 1114 455 1207 ὀλόμεθ’
478 1122 656 1211 ἰσονέκυες;
688 1162 730 1176 -
757 1115 952 1213 άξιόθρηνος
983 1150 990 1190 :
1022 1126 1092 1190 Alc.
1124 1126 1205 1193 904*
1237 1115 1264 1210 ᾦ

123 1222 216 1318 κόρος
229 1222 430 1321 άξιόδρηνος
450 1229 569 1318 (ἰάλεμος
595 1272 628 1281 -
652 1223 834 1319 άξιόχρεως
856 1259 863 1299 :
887 1234 942 1302 Or.
967 1234 1026 1301 957
1049 1229 1069 1323 ἢ
1089 1228 1145 1300 οὐκ
1170 1224 1263 1316 άξιό-

121 1361 224 1427 χρεως
255 1330 390 1426 όθεόςς
425 1341 510 1428 quod
542 1340 679 1407 Wcilius
701 1343 839 1429 explicat
851 1345 876 1426 ²)
899 1365 907 1406 ε
930 1342 958 1407 λε
978 1341 1061 1425 δεον,
1084 1343 1202 1431 auquel
1231 1343 1263 1430 γέ

120 1450 195 1535 puis
215 1447 294 1513 m’en
323 1450 458 1535 cofinos,
489 1449 607 1515 νιόολ-νλ
620 1474 686 1537 poa
707 1473 750 1514 nn
768 1462 888 1539 parant
914 1449 1007 1514 d’nne
1034 1473 1121 1514 οοεεν
1138 1448 1263 1540 prendo

123 1556 259 1623 οολονολά
270 1580 358 1643 pour
378 1581 425 1622 me
446 1558 534 1622 λοοεν
549 1557 587 1622 de
602 1558 635 1622 la
649 1556 825 1623 souillure‘?
846 1593 888 1607 —
910 1547 1112 1641 άξιοπενθὴς
1133 1580 1141 1621 :
1163 1556 1261 1647 Hipp.

124 1663 222 1747 1465*
242 1663 305 1728 τῶν
325 1658 386 1749 γάρ
411 1656 558 1750 μεγάλων
579 1657 792 1746 άξιοπενθεῒς
813 1671 922 1753 φῆμαι
941 1662 1064 1748 μάλλον
1083 1658 1261 1747 κατέχουσά

125 1807 159 1819 -
183 1760 422 1857 άπειρόκακοςε
445 1773 514 1838 ΑΙε.
536 1774 615 1838 927*
636 1776 687 1840 col
709 1766 807 1860 ἦλθεν
828 1760 1041 1859 οἷπειροκάκῳ
1062 1765 1132 1839 τόδ’
1155 1766 1260 1857 άλγος.

124 1914 158 1925 -
182 1877 243 1942 His
265 1891 395 1967 propter
418 1881 549 1946 similem
577 1891 721 1947 naturam
752 1880 912 1970 subjungo
943 1872 1135 1967 μονομάτωρ
1163 1895 1260 1949 matre
1333 1907 1368 1945 ε

115 1988 296 2074 privatur:
322 1986 443 2053 Phoen.
477 1991 575 2055 1517*
600 1989 652 2066 τλς
679 1984 731 2076 ἄρ’
752 1984 838 2075 όρνις
866 1981 1085 2076 μονομάτορος
1105 1982 1261 2074 όδορμοῖς
1316 2010 1365 2059 τ

121 2087 212 2175 ε’μοῖς
232 2088 326 2176 άχεσι
348 2086 507 2182 σονῳδός;
536 2099 670 2185 simplex
690 2100 786 2163 etiam
806 2088 904 2179 μόνος
923 2098 1104 2185 analogiam
1125 2119 1260 2185 sequeus
1317 2117 1361 2157 a

121 2202 350 2289 adjectivorum
372 2205 581 2291 privationem
604 2207 848 2293 exprimentium
871 2229 942 2273 cum
963 2205 1114 2291 genetivo
1139 2202 1259 2292 Sopho·
1322 2235 1358 2246 -

122 2310 186 2375 cles
207 2310 373 2396 conjunxit
393 2313 446 2399 Aj.
467 2315 529 2379 510
551 2313 612 2378 σοῦ
641 2303 738 2393 μόνος
748 2314 774 2396 ²)
799 2349 833 2361 -
859 2312 1008 2400 Denique
1033 2311 1169 2380 Soidleri
1189 2333 1259 2376 con·
1320 2340 1355 2352 -

118 2418 274 2504 jacturam
294 2421 422 2484 nomino
444 2442 597 2507 eamque,
619 2429 654 2484 ut
675 2420 808 2502 videtur,
830 2418 1117 2509 probabilissimum
1139 2407 1260 2505 ἐργμό-
1303 2449 1353 2465 -

122 2525 245 2610 πτολις,
268 2525 353 2614 quod
374 2527 426 2592 ille
450 2527 545 2591 scribi
561 2528 656 2615 jubet
677 2526 793 2593 Troad.
819 2529 899 2594 603*
920 2522 1136 2617 ἐρρμόπτολις
1155 2517 1262 2615 μάτηρ
1293 2539 1352 2575 ⁴

122 2624 341 2701 (includeretur
363 2631 451 2716 ὑμῶν
471 2658 529 2722 pro
550 2635 701 2700 librorum
723 2630 842 2722 ἔρημος
863 2632 968 2712 πόλις.
1012 2635 1134 2700 Dubito
1155 2645 1261 2701 autem
1305 2676 1348 2689 -

125 2742 163 2809 de
193 2766 272 2808 voce
294 2735 502 2829 ἐχθρόξενος,
535 2767 616 2830 quae
639 2744 768 2808 minoris
789 2746 882 2832 pretii
914 2742 1071 2809 codicibus
1095 2742 1262 2808 exhibetur
1293 2752 1346 2773 ”

122 2850 192 2915 Alc.
214 2852 292 2933 558,
324 2852 377 2916 ubi
408 2851 622 2916 Kirchhoffius
651 2852 798 2938 quidem,
831 2853 945 2940 prioris
976 2850 1262 2939 manuscriptorum

122 2957 232 3023 classis
254 2968 415 3046 patronus,
439 2960 563 3046 scripsit
585 2982 592 3023 :
615 2949 732 3036 δόμους
753 2959 930 3024 καλεῖσθαι
950 2954 1025 3034 τούς
1045 2951 1143 3040 ductis*
1164 2979 1261 3024 κοινο-

122 3066 248 3148 ξένοος;
282 3066 336 3132 sed
359 3065 399 3132 ad
418 3090 544 3132 sensum
566 3090 637 3132 cum
658 3068 717 3133 hoo
739 3091 801 3132 non
822 3069 927 3131 minus
949 3088 1044 3153 quam
1064 3064 1143 3130 illud
1165 3065 1261 3154 quad-

121 3183 180 3256 ret,
201 3184 267 3239 tota
287 3176 366 3240 haec
388 3176 530 3261 quaestio
554 3175 593 3240 de
615 3177 773 3241 sententia
785 3176 911 3263 pendet,
935 3196 1029 3261 quam
1051 3175 1120 3261 quis
1137 3172 1260 3239 deauc-

121 3282 247 3346 toritate
280 3281 424 3347 codicum
456 3277 515 3348 sibi
547 3282 772 3347 informaverit.
825 3283 1057 3348 Attributivum
1090 3272 1330 3364 κανόξενοΓ

121 3399 249 3475 praeter
269 3390 354 3454 hunc
376 3391 478 3457 locum
493 3413 558 3455 non
572 3394 731 3455 invenitur
752 3393 811 3455 nisi
835 3393 867 3455 in
881 3391 976 3456 Hom.
991 3414 1019 3456 v.
1035 3391 1105 3471 376,
1128 3393 1210 3456 sicut
1229 3391 1291 3455 in..

121 3601 319 3613 -α-η--ι-ιι-

190 3737 286 3806 >au

189 3849 272 3917 ²)Do
290 3851 340 3902 hoc
366 3853 490 3918 Meycrus
516 3853 640 3920 disputat,
667 3857 738 3906 curt.
763 3857 836 3907 Stud.
861 3857 925 3968 Vp.
946 3859 977 3907 15
1003 3871 1116 3921 quocun
1143 3844 1300 3907 Olcmmffi

127 3937 208 3990 verbs
224 3939 349 4000 conferva
367 3937 440 3991 sonu.
458 3939 508 3990 vn
523 3954 549 4005 p.
567 3943 608 3991 88.
