2774 4838
560 442 762 508 „57-

93 622 188 688 tionis
216 621 339 687 ratione
365 623 397 687 in
425 621 503 688 duas
535 623 705 709 particulas
726 623 832 709 placet
853 624 943 688 nobis
964 623 1104 710 epitheta
1124 621 1225 686 distri·

93 731 202 797 boare.
243 729 296 795 Ab
317 729 354 792 iis
376 729 469 808 enim,
491 750 626 815 quorum
646 732 753 816 priore
775 729 917 795 membra
941 731 1109 795 accusativi
1131 752 1225 793 sensu

93 838 234 926 pendent
254 836 295 901 de
314 837 504 924 pedisequis,
525 837 625 902 altera
647 836 802 924 quasdam
818 836 1018 923 segreganda
1038 847 1087 901 est
1107 836 1226 923 epithe-

92 954 199 1010 torum
219 944 344 1028 classis,
376 965 510 1031 quorum
531 944 754 1033 praecedentia
775 945 918 1010 membra
938 946 1045 1009 dativo
1067 945 1225 1027 (locatim,

92 1052 338 1136 insuumentaii)
370 1053 633 1140 opportunissime
664 1053 901 1118 transferentur.
945 1051 1016 1117 Nec
1046 1052 1106 1117 hoc
1127 1053 1227 1117 solum

92 1169 141 1226 est
161 1159 349 1242 discrimen,
380 1159 471 1242 cujus
501 1161 654 1225 rationem
676 1168 787 1248 postes
807 1159 925 1224 habere
947 1159 1134 1241 debeamus3
1160 1160 1226 1241 sed,

92 1277 128 1334 ut
148 1278 241 1333 antea
261 1268 293 1332 in
316 1267 572 1352 determinatius,
595 1269 641 1332 sic
661 1268 712 1333 hio
733 1289 859 1354 quoque
883 1290 942 1354 pro
965 1268 1150 1332 suffixorum
1172 1290 1227 1331 na·

92 1385 164 1441 tura
195 1375 228 1439 iu
259 1375 385 1461 singula
417 1395 542 1462 semper
573 1375 702 1462 agmina
722 1376 870 1462 exempla
891 1374 1106 1462 dispertiendo
1126 1387 1227 1440 erunt.

94 1482 252 1568 Denique,
273 1491 309 1549 nt
329 1482 369 1547 ab
391 1483 475 1548 omni
496 1493 587 1571 parte
602 1484 653 1548 vis
675 1493 707 1548 et
726 1483 849 1548 ratione
862 1481 1033 1569 procedere
1054 1482 1227 1566 videamur,

93 1590 188 1656 etiam
219 1591 360 1678 priorum
390 1590 604 1655 membrorum
635 1589 853 1655 condicionem
894 1611 956 1654 nou
996 1588 1227 1676 neglegendam

94 1698 171 1763 mihi
191 1697 389 1778 existimavi3
418 1719 517 1784 quare
544 1697 585 1761 ab
607 1696 768 1786 epithetis,
797 1720 930 1783 quorum
950 1696 1138 1762 thematibus
1159 1699 1227 1762 stir-

92 1825 150 1893 pes
185 1815 276 1871 extra
310 1805 569 1893 compositionem
602 1805 798 1892 respondent
832 1807 864 1868 in
913 1804 1055 1869 vocalem
1090 1804 1226 1869 litteram

93 1921 262 1995 exeuntes,
292 1933 330 1977 ea
349 1913 494 1998 sejuncta
514 1934 584 1977 esse
605 1913 706 1996 volui,
738 1933 872 2000 quorum
892 1913 1032 1977 themata
1051 1912 1092 1977 sd
1114 1916 1229 1998 stirpes

95 2040 236 2084 consona
256 2019 422 2085 conclusas
441 2020 582 2085 revocari
604 2021 705 2085 liceat.

650 2549 685 2627 1.

233 2768 362 2845 Priora
385 2766 556 2845 membra
580 2766 790 2843 accusativo
814 2767 993 2846 vertendo
1017 2779 1112 2845 sunt

135 2993 207 3076 §d
250 2989 1191 3087 Secundamembrasuffixooformatasunt.

198 3145 224 3210 1.
267 3143 388 3232 Stipes
407 3144 516 3210 oocnds'
532 3143 698 3210 conclusos
718 3140 902 3208 themnhhas
924 3140 1119 3228 respondent.

141 3303 175 3388 a)
219 3300 346 3387 Agmcn
380 3301 497 3366 ducant
517 3302 631 3387 stirpes
661 3301 906 3382 otcrminatae;
941 3299 1020 3364 tales
1048 3299 1234 3364 manifestae

214 3411 334 3474 suntin
350 3433 358 3474 ι
373 3403 641 3495 ἀνθρωποκτόνος
656 3431 664 3473 :
678 3408 711 3475 J.
729 3407 767 3473 Τ.
779 3409 840 3475 389
854 3398 970 3482 decede
989 3401 1081 3483 ὄντος
1104 3402 1233 3490 dedcor-

211 3509 382 3593 ποκτόνοος
391 3542 401 3599 3
444 3519 484 3583 cf.
519 3518 613 3606 cykt.
659 3519 715 3584 127
749 3519 784 3598 (ἓ
826 3517 900 3599 82);
927 3554 968 3565 -
997 3505 1233 3599 βροτοκτόνοςε

209 3626 242 3693 J.
275 3627 313 3690 Τ.
337 3628 398 3693 384
423 3630 457 3709 (ἒ
480 3625 554 3709 8‘2);
580 3664 613 3673 —
636 3615 872 3713 βροτοφθόρος
893 3647 900 3687 :
923 3623 983 3709 frg.
1019 3624 1080 3688 268
1103 3626 1136 3705 (ξ
1168 3624 1232 3702 82).

211 3773 252 3783 -
272 3725 469 3820 γοργοφόνος
490 3758 497 3798 :
523 3737 584 3820 frg.
605 3736 667 3802 915
689 3734 834 3819 (subet.);
855 3733 1037 3798 femininum
1058 3721 1235 3816 yopyopdvp

209 3845 352 3907 invenies
372 3841 449 3909 Joo.
483 3843 579 3926 14785
607 3878 649 3891 —
680 3833 872 3927 ἐλαιοφόρος
900 3839 1007 3904 :Heu
1036 3839 1095 3904 fur.
1130 3837 1234 3906 1178*.

211 3948 266 4014 uhi
288 3951 457 4038 Acropolis
480 3948 744 4014 circumscribitur
767 3949 872 4012 verbis
903 3937 1097 4032 ἐλαιοφόρος
1114 3937 1234 4028 όχθοςς

212 4057 372 4146 epitheton
387 4058 488 4143 igitur
508 4058 720 4121 necessarium
737 4066 796 4139 est,
817 4077 880 4119 non
895 4053 1118 4142 descriptivum
1133 4055 1168 4137 (g
1181 4054 1233 4140 2)3

211 4157 424 4252 dispondaeo
445 4188 452 4229 :
475 4163 508 4233 J.
550 4165 589 4230 T.
624 4164 721 4229 1113*
751 4153 964 4251 ἕλοφοκιόνου
993 4167 1090 4242 θεᾶς,
1123 4161 1236 4248 quihus

212 4273 343 4339 Dianae
387 4294 502 4338 nomen
552 4283 646 4359 poeta
690 4270 968 4358 circumloquitur3
1006 4307 1040 4320 -
1065 4256 1236 4346 θοοόόκος,
