2738 4830
566 419 768 484 ..61-

176 590 179 596 ¹
219 598 316 681 βολοι
339 597 480 683 πλαγαὶ,
507 599 561 664 ubi
583 620 695 664 vereor
722 620 762 664 ns
784 601 824 664 sit
844 591 1018 685 πυριβόλοι
1039 600 1238 665 scribendum

219 708 420 773 enotissima
454 706 653 774 Graecorum
684 706 928 771 accentuationis
951 709 1021 792 iege
1035 707 1079 790 ι);
1113 707 1152 771 cf.
1175 708 1236 793 frg.

220 815 363 892 1094l2d.
390 852 423 863 -
448 815 508 881 His
553 815 653 898 addo,
696 835 888 901 quamquam
913 814 1150 878 vsubstantivum
1180 825 1236 897 est,

218 913 375 999 ἂλιτύπος
404 920 476 1007 (Or.
509 923 601 1006 373),
631 923 665 986 in
687 943 749 1008 quo
771 923 901 1009 stirpem
932 916 1010 988 ἅλι-
1030 923 1127 986 habos
1150 932 1239 986 extra

219 1032 475 1118 compositionem
498 1052 561 1093 non
580 1031 649 1116 jam
671 1032 819 1094 usitatam
833 1030 868 1113 ²).

111 1135 182 1222 d)
201 1138 314 1203 Finem
335 1138 455 1202 faciant
475 1136 632 1224 epitheta,
655 1159 790 1222 quorum
811 1137 950 1201 themata
971 1138 1084 1224 stirpes
1114 1140 1238 1203 suntin

221 1245 452 1334 diphthongum
467 1255 642 1309 exeuntes:
664 1235 837 1330 βουπόρος,
861 1244 946 1329 quod
968 1266 1025 1330 pro
1047 1244 1238 1333 descriptivo

219 1354 352 1418 fortasse
386 1353 476 1419 malit
511 1353 623 1438 aliquis
659 1352 775 1417 habere
808 1351 905 1416 Andr.
936 1354 1016 1418 1134
1045 1342 1237 1435 ἅμφώβολοι

217 1451 377 1546 βουπόροι
407 1469 438 1526 et
470 1458 563 1547 Oykl.
599 1459 661 1527 302
704 1449 792 1544 cippi
820 1448 1019 1545 βουπόροισι
1055 1456 1240 1547 appetisses

218 1569 298 1656 μέλη
318 1559 485 1651 ὀβέλοισις
506 1566 562 1632 sed
583 1590 640 1654 per
664 1588 698 1632 se
720 1590 791 1632 oum
812 1577 844 1632 et
863 1562 977 1648 ὅβελος
998 1577 1030 1632 et
1043 1558 1241 1654 α’μφώβολος

219 1676 258 1743 de
280 1678 391 1764 quovis
407 1676 515 1763 jaculo
538 1674 601 1740 dioi
632 1674 747 1762 possit,
776 1685 910 1762 utroque
933 1685 1039 1740 autem
1060 1677 1130 1741 looo
1151 1678 1239 1742 notio

218 1807 312 1851 verus
343 1784 556 1869 desideretur,
600 1782 747 1870 equidem
777 1785 964 1850 necessariis
994 1784 1072 1848 illud
1100 1785 1239 1851 inserere

218 1894 347 1958 minime
378 1892 527 1958 dubitavi.
561 1929 596 1940 -
626 1882 814 1977 βουφορβός
834 1913 842 1955 :
863 1890 896 1957 J.
925 1890 964 1955 T.
992 1892 1073 1958 462*
1093 1892 1240 1979 βουφορ-

219 1997 281 2082 βὸς
302 1991 402 2088 α’νήρς
422 1999 462 2064 cf.
483 2001 603 2082 vuum
628 2036 662 2048 ·-
685 1991 839 2083 βουκόλος
849 1999 876 2084 ⁸)
899 2023 906 2064 ε
928 1999 960 2066 J.
983 2000 1022 2064 A.
1046 2000 1144 2066 1292*
1160 2002 1240 2083 βου-

181 2114 184 2133 ’
221 2101 317 2174 κόλον
336 2103 557 2195 Ἀλέξανδρονς
580 2146 619 2156 -
640 2100 777 2194 ναυαγός
798 2129 808 2173 .·
826 2107 900 2172 Hel.
922 2108 983 2173 449
1007 2103 1147 2193 savarde
1177 2099 1242 2194 ἥκω

221 2212 325 2298 §bom
355 2218 394 2281 of.
423 2240 452 2280 v.
474 2239 505 2280 v.
527 2217 603 2299 408,
625 2217 705 2298 5393
731 2253 764 2265 -
789 2205 992 2303 ναῦφθορος,
1013 2217 1099 2302 qood
1119 2217 1165 2281 od
1184 2243 1241 2283 aa·

222 2348 289 2390 oeta
327 2326 438 2391 adiuel
468 2325 617 2412 perditas
637 2325 659 2390 t'.
681 2347 704 2390 e.
735 2325 917 2413 naufrapas
948 2325 1002 2409 (of.
1035 2315 1241 2406 λαιμότομος,

223 2433 286 2516 la)
311 2457 318 2498 :
340 2431 412 2498 Hel.
446 2434 542 2516 1382,
574 2433 653 2498 1539
686 2436 720 2515 (ἓ
741 2432 805 2518 83).
848 2432 1001 2510 Extremo
1022 2431 1091 2496 loeo
1113 2432 1240 2518 profero

220 2532 381 2623 rovidxoc,
403 2541 493 2628 cujus
515 2541 647 2606 alteram
668 2551 791 2628 partem
816 2562 867 2604 me
889 2540 1016 2626 quidem
1027 2539 1134 2626 judice
1156 2550 1241 2604 recta

221 2651 272 2714 via
302 2648 446 2713 eradico
476 2647 569 2730 deff)
604 2670 698 2735 quam
722 2671 741 2712 a
762 2648 959 2712 substantivo
981 2640 1075 2729 λόχος
1096 2658 1241 2734 repetere

221 2757 412 2845 praestabit,
438 2766 473 2821 ut
504 2756 610 2822 valeat
641 2756 800 2842 epitheton
822 2779 830 2819 ε
852 2756 986 2821 navibus
1007 2757 1103 2841 quasi
1131 2755 1242 2819 lectum

215 2865 382 2952 praebeas.
426 2863 517 2941 Quae
548 2863 735 2950 significatio
771 2886 864 2948 quam
888 2863 1017 2948 egregie
1047 2864 1180 2949 quadret
1201 2863 1242 2926 ad

221 2971 300 3036 Heo.
317 2972 397 3038 1016
419 2962 570 3052 ναυλόχοι
594 2972 652 3056 (sio
674 2970 757 3034 enim
778 2970 1044 3058 pronuntiandum
1068 2972 1128 3035 erit
1148 2992 1240 3034 voca·

221 3079 343 3166 bulum)
365 3071 567 3167 περιπτύχαι
589 3080 803 3165 unusquisque
824 3078 917 3142 facile
938 3078 1101 3164 intellegit.

180 3338 210 3402 2.
252 3336 374 3424 Stirpes
394 3360 532 3403 masona
553 3336 737 3402 amiserae
758 3336 941 3400 thematibus
961 3334 1158 3420 respondeat.

149 3472 181 3555 a)
203 3468 331 3534 Initium
353 3470 466 3534 faeiem
498 3493 517 3534 a
550 3468 728 3532 dentalibus
761 3468 929 3555 stirpibus,
958 3490 1038 3554 quae
1059 3467 1159 3532 latent
1179 3470 1240 3540 in:

224 3569 404 3664 καρατόμος
425 3601 432 3641 :
455 3578 524 3642 Ale.
547 3577 628 3642 1118
648 3565 774 3661 Γοργόν’
795 3570 839 3652 ὥς
858 3567 1051 3664 repandum
1081 3579 1121 3643 of.
1144 3578 1240 3644 Rhes.

93 3778 306 3799 Ἂ-

177 3905 199 3974 ¹)
218 3901 394 3957 recuruum.
414 3902 531 3970 Sebulgr.
549 3905 565 3966 ἐ
582 3903 632 3954 aba
650 3904 673 3954 A
692 3906 715 3952 2.

176 3997 198 4065 ²)
218 4000 251 4050 os.
269 4015 293 4067 p.
313 4003 345 4050 60
363 4004 415 4049 not.
436 4002 456 4048 l.

177 4092 198 4159 ⁸)
216 4093 331 4145 Alteram
350 4093 428 4158 hujus
445 4097 544 4158 partem
562 4091 595 4142 ad
612 4092 725 4143 radicem
743 4099 792 4149 sut
818 4092 900 4145 redire
918 4093 1023 4146 Curtius
1041 4095 1123 4162 dooet,
1143 4096 1199 4149 Gn*
1216 4113 1241 4162 p.

109 4183 167 4231 463.

178 4272 200 4340 ⁴)
217 4273 288 4325 Ourt.
306 4271 362 4324 Gr.⁴
379 4288 403 4339 p.
424 4274 481 4324 193.
