2738 4830
642 413 826 476 ..2-

166 593 187 657 ii
210 615 229 656 a
250 600 414 679 poetarum
429 591 572 679 principe
592 591 724 678 profecti
747 601 839 657 erant
858 591 1011 656 Homero.
1045 589 1079 655 Is
1100 591 1195 672 enim,
1216 611 1313 678 prae-

168 700 277 764 sertim
297 701 329 764 in
352 702 565 786 grammaticis
588 701 836 787 quaestionibus,
858 723 917 788 pro
935 700 1025 764 fonte
1040 719 1165 786 semper
1185 697 1310 763 haben-

168 806 226 871 dus
247 817 303 886 est,
325 808 364 872 ad
386 830 482 894 quem
504 830 614 872 omnes
637 807 773 873 debeant
792 830 963 872 recurrere.
1001 803 1126 870 Deinde
1146 803 1188 870 ad
1209 806 1310 892 tragi-

167 938 221 979 cos
243 917 303 979 viri
324 916 407 980 docti
427 918 635 996 transierunt,
657 938 791 1002 quorum
813 939 884 981 cum
905 917 937 978 in
959 912 1186 1002 componendis
1207 914 1310 978 nomi-

167 1022 261 1086 nibus
278 1045 433 1086 summam
453 1034 554 1087 artem
573 1033 640 1086 tum
664 1025 696 1087 in
712 1022 900 1087 adhibendis
916 1021 1097 1108 compositis
1111 1019 1310 1105 singularem

168 1129 331 1194 audaciam
372 1153 600 1216 saepenumero
629 1130 722 1196 valde
761 1129 964 1196 admiramur.
1023 1129 1096 1207 Quo
1123 1130 1156 1194 in
1187 1149 1309 1213 genere

167 1240 312 1325 quamvis
374 1240 471 1303 multa
528 1238 720 1327 profecerint
776 1238 909 1303 Todtius
921 1289 930 1323 ,
984 1237 1185 1326 Sannegius‚
1231 1241 1308 1307 Joh.

168 1346 360 1413 Schmidtius
373 1395 381 1424 ,
423 1346 626 1412 Kotsmichus
659 1348 726 1428 alii,
758 1347 899 1411 nondum
937 1333 1045 1412 tamen
1078 1349 1123 1412 ita
1143 1348 1209 1434 jam
1255 1371 1309 1413 ex·

167 1455 281 1520 hausta
296 1455 370 1518 mihi
384 1453 744 1537 videturhaecmateria,
760 1466 795 1519 ut
811 1457 837 1519 si
852 1456 923 1541 quis
936 1456 1051 1520 iterum
1064 1457 1097 1519 in
1113 1477 1182 1521 eam
1204 1457 1307 1543 inqui-

167 1585 237 1630 rere
252 1564 390 1627 animum
400 1563 569 1645 induxerit,
584 1565 613 1629 ei
625 1586 664 1627 ne
676 1586 806 1651 operam
819 1575 849 1628 et
858 1565 960 1629 oleum
973 1564 1086 1652 perdat
1100 1565 1307 1630 metuendum

167 1671 214 1734 sit.
258 1670 406 1756 Inprimis
427 1681 534 1736 autem
555 1670 728 1757 Euripides
750 1671 913 1757 hucusque
935 1666 998 1736 non
1021 1673 1164 1756 invenit,
1197 1674 1308 1759 quiin

167 1777 360 1865 explorando
383 1778 452 1865 ejus
473 1780 721 1866 compositorum
752 1802 811 1844 usu
831 1801 869 1844 ac
891 1778 1078 1844 formatione
1111 1780 1307 1866 diligentiam

167 1895 198 1950 et
217 1886 405 1950 industriam
426 1887 624 1951 collocarent.
665 1886 749 1951 Nam
784 1885 1122 1968 Schirlitzius1),
1143 1890 1308 1975 sicutpro-

167 1995 270 2081 posita
290 1997 423 2058 materia
436 1994 624 2081 postulabat,
646 1994 793 2081 exempla
815 1995 913 2058 solum
938 2017 976 2058 ea
997 1998 1203 2079 enumeravit,
1225 2016 1308 2081 quae

166 2103 236 2188 ipse
257 2111 352 2187 poeta
372 2111 554 2166 novaverat.
575 2137 617 2150 —-
639 2101 730 2196 Quae
752 2125 822 2165 cum
854 2104 898 2165 ita
931 2102 1006 2178 sint,
1038 2101 1115 2165 mihi
1145 2102 1305 2189 proposui,

166 2221 201 2272 ut
232 2209 271 2273 de
304 2210 486 2296 compositis
518 2208 701 2296 Euripideis
733 2211 802 2296 ipse
823 2209 975 2274 nonnulla
997 2209 1210 2296 disputarem,
1243 2233 1305 2274 non

166 2338 230 2402 quo
252 2338 304 2380 res
325 2338 425 2380 novas
447 2327 478 2380 et
497 2316 660 2404 hucusque
677 2317 772 2404 plane
786 2317 944 2381 inauditas
959 2317 1156 2404 prolaturum
1171 2339 1223 2381 me
1238 2339 1307 2382 esse

168 2444 346 2507 censerem,
381 2424 438 2488 sed
468 2427 543 2512 quis
572 2436 676 2490 certae
719 2424 843 2490 cuidam
883 2425 1109 2489 vocabulorum
1141 2427 1232 2490 classi
1255 2427 1307 2490 ali·

167 2554 262 2618 quam
285 2534 385 2596 lucem
407 2533 575 2597 allaturum
597 2556 648 2598 me
671 2555 741 2598 esse
763 2531 899 2597 confido.
1017 2548 1019 2553 ·

249 2664 343 2743 Quod
377 2667 515 2753 epitheta
546 2669 746 2753 potissimum
781 2668 954 2754 composita
989 2667 1081 2752 elegi,
1121 2666 1238 2754 duplici
1268 2667 1307 2733 de

168 2795 264 2838 causa
284 2775 403 2838 factum
429 2783 485 2839 cst.
518 2773 603 2840 Nam
626 2777 856 2862 cumprimum
881 2777 1126 2862 compositorum
1149 2797 1223 2862 pars
1244 2777 1309 2840 fere

168 2883 307 2946 maxima
338 2882 422 2969 apud
445 2882 631 2970 Euripidem
664 2906 705 2948 ex
742 2882 888 2970 epithetis
921 2891 1063 2965 constet,
1097 2885 1123 2946 si
1150 2884 1200 2948 cui
1232 2883 1309 2949 haec

168 2990 300 3055 collecta
321 3001 352 3055 et
373 2990 413 3055 ad
435 2991 551 3056 classes
575 3014 647 3056 suas
669 2991 799 3056 redacta
819 3001 946 3079 praesto
970 3001 1077 3065 erunt,
1107 2993 1133 3054 is
1151 2993 1221 3077 jam
1243 2992 1309 3056 sine

166 3098 318 3163 molestiis
342 3098 469 3162 omnino
492 3097 531 3163 de
552 3101 674 3181 ratione
692 3100 836 3185 judicare
857 3101 984 3186 poterit,
1007 3121 1102 3185 quam
1117 3101 1149 3163 in
1172 3098 1308 3164 formau-

169 3206 216 3269 dis
238 3206 490 3293 adhibendisque
514 3206 694 3294 compositis
719 3215 814 3293 poeta
835 3207 875 3270 sit
909 3216 1043 3271 secutus.
1075 3207 1202 3271 Deinde
1224 3229 1310 3290 vero,

177 3312 260 3401 dque
288 3336 445 3379 summum
467 3313 546 3398 erit,
577 3317 674 3402 ipsius
696 3314 859 3402 Euripidis
881 3323 968 3379 tanta
989 3337 1083 3403 saepe
1113 3326 1162 3379 est
1192 3317 1225 3380 in
1248 3315 1309 3403 epi·

166 3423 334 3488 rhetorum
355 3446 414 3488 usu
436 3425 577 3507 audacia,
600 3432 687 3489 tantu
701 3446 762 3507 ars,
785 3431 871 3487 tauta
884 3422 1021 3504 libertas,
1042 3432 1161 3487 utnon
1184 3424 1311 3488 minima

168 3555 207 3597 ex
228 3541 318 3619 parte
339 3533 378 3596 ab
400 3531 461 3596 hae
481 3554 516 3597 re
538 3533 739 3597 difficultates
754 3530 912 3622 quaedam
927 3531 1120 3619 repetendae
1142 3518 1311 3596 rideantur

168 3639 222 3722 eis,
245 3640 299 3726 qui
319 3640 432 3726 legunt
453 3641 585 3725 fabulas,
607 3641 688 3705 ultro
711 3662 745 3704 se
767 3639 944 3704 offerentes.
989 3638 1058 3703 Has
1080 3639 1188 3724 igitur,
1211 3662 1309 3725 quan·

166 3756 233 3811 tum
261 3747 398 3842 maxime
420 3768 566 3836 possem,
589 3757 624 3814 ut
644 3770 722 3812 sana
743 3747 940 3834 singulorum
960 3736 1135 3811 verborum
1154 3746 1308 3834 interpre-

166 3856 323 3920 tationes
346 3855 449 3921 medio
471 3857 621 3940 tollerem,
653 3877 759 3920 meum
780 3877 867 3919 nunc
891 3878 961 3920 esse
983 3855 1169 3920 existimavi.
1212 3856 1309 3920 Prae-

175 4045 372 4054 ——.

236 4183 256 4251 ¹)
274 4187 314 4236 De
333 4185 456 4237 sermonis
474 4183 566 4253 tragici
582 4200 629 4250 per
637 4185 786 4252 Euripidem
808 4185 982 4248 incrementis,
1002 4182 1076 4235 Halia
1095 4184 1227 4235 Saxonum
1246 4184 1310 4237 1865

168 4288 192 4338 p,
212 4274 321 4328 35-82.
