2738 4830
572 419 800 485 -137-

111 598 163 666 ἐπ)
192 593 325 687 εὐρείτᾳ
346 600 386 665 ab
408 599 550 665 Homero
573 601 700 687 quidem
724 603 891 689 repetitum
914 600 968 685 (Z.
991 602 1040 682 34,
1063 602 1090 682 ξ.
1113 602 1188 687 257)
1211 613 1251 687 et,

112 709 198 798 quod
217 709 286 795 ipse
308 708 446 791 novavit,
469 698 603 794 εὐρυτος
623 732 630 772 :
653 709 686 776 J.
703 711 745 773 A.
763 706 846 796 [420]
868 702 1002 792 εὐρυτον
1016 704 1109 792 ποροέ
1130 701 1251 796 κρήνην,

112 821 138 881 si
160 816 290 903 quidem
312 816 371 901 ipsi
386 815 533 903 Euripidi
554 816 632 881 haec
653 817 751 881 verba
774 817 929 880 debentur
950 839 1065 902 neque,
1086 828 1121 882 ut
1138 818 1251 882 Kirch·

113 924 211 989 hoffio
234 922 367 1004 videtur,
389 924 572 1009 posterioris
595 925 708 988 aetatis
728 933 851 1012 poetae.
875 962 913 973 —
935 923 1097 988 Nonnulla
1117 925 1179 988 alia
1200 947 1251 990 eo-

113 1033 184 1096 dem
197 1030 312 1095 suffixo
327 1031 495 1094 terminata
510 1039 583 1093 sunt
604 1054 611 1094 :
633 1026 894 1117 χρυσεοπήνητος
915 1054 922 1095 :
946 1029 1002 1096 Or.
1023 1032 1101 1098 840*
1115 1054 1252 1117 χρυσεο-

112 1128 259 1226 πηνήτων
289 1136 436 1222 φαρέων,
459 1176 496 1186 -
519 1130 781 1224 κολλιπύργωτος
803 1162 810 1203 :
833 1139 949 1204 Bacch.
983 1141 1022 1205 19
1051 1135 1172 1221 ἔχουσα
1194 1143 1251 1225 (sc.

111 1237 220 1330 Ἀσία)
264 1238 554 1332 καλλιπυργώτους
586 1235 717 1329 πόλεις,
741 1283 776 1293 -
812 1239 1002 1331 εὐκρότητος
1037 1247 1151 1312 malleo
1181 1249 1253 1313 bane

113 1354 249 1419 duratus
269 1376 277 1417 ε
299 1352 348 1417 ΕΙ.
370 1352 432 1417 819
452 1342 647 1438 εὐκρότητον
667 1348 787 1437 Δωρίδ’
807 1345 983 1437 olendum
1005 1354 1044 1418 cf.
1061 1353 1160 1440 Soph.
1176 1357 1251 1420 Ant.
1306 1413 1307 1416 ,

113 1463 175 1528 430
196 1453 391 1546 εὐκροτήτου
409 1459 549 1542 χαλκέας
569 1452 704 1546 πρόχου.
742 1461 795 1526 Ad
809 1461 986 1550 Homerum
1007 1461 1145 1548 denique
1171 1463 1253 1527 redit

114 1570 167 1656 (Y.
191 1569 264 1648 115)
287 1562 464 1651 εὐπλεκτος
486 1596 493 1634 :
516 1568 632 1633 Bacch.
648 1568 726 1632 870*
747 1559 931 1634 εὐπλέκτων
954 1564 1039 1654 ὑπὲρ
1061 1563 1196 1653 α’ρκύων.
1212 1608 1252 1617 -

112 1676 219 1757 Addo,
242 1677 326 1761 quod
348 1676 381 1738 in
401 1699 444 1763 τη
466 1676 589 1758 desinit,
609 1666 772 1764 εὐμενετής
793 1699 801 1740 :
822 1677 896 1741 Jon.
921 1677 1019 1742 1060*
1038 1677 1104 1740 των
1124 1671 1249 1759 εὐμενε-

111 1787 171 1849 τοῖν
192 1773 428 1868 ’11ρ.·;χ9ειο1ὐν,Ι
444 1779 509 1847 Ι1ιοο
529 1795 634 1848 autem
659 1784 803 1848 usitatior
824 1793 872 1847 est
896 1784 1026 1848 deorum
1047 1783 1099 1848 vel
1120 1777 1250 1848 heroum

113 1891 165 1955 vel
199 1890 363 1955 hominum
394 1891 563 1955 illustrium
586 1891 773 1975 significatio
796 1882 938 1976 εὐγενής,
980 1913 1074 1977 quam
1110 1891 1251 1955 invenies

114 1998 183 2062 Alc.
210 1998 290 2064 1136
312 1992 437 2082 εὐγενὲς
457 1998 565 2063 τέκνον
585 1987 677 2081 Διός,
700 1999 799 2063 Andr.
815 2000 876 2066 565
895 1987 915 2083 ἣ
934 1992 987 2063 τόν
1008 1993 1122 2086 εὐγενῆ
1151 1992 1254 2064 ἕτικιέ

116 2125 166 2170 σοι
189 2105 314 2188 παῖύο;
347 2087 475 2188 vsdl33
504 2106 577 2170 Hel.
602 2108 649 2188 10,
676 2107 742 2190 136,
768 2106 863 2189 11873
889 2106 966 2170 Her.
989 2106 1048 2171 fur.
1072 2109 1131 2190 503
1154 2105 1252 2192 Hipp.

114 2213 163 2295 26,
186 2215 263 2299 71ος
284 2213 360 2280 Jon.
380 2213 451 2296 242,
466 2213 543 2294 392;
566 2209 655 2300 Cycl.
677 2215 755 2298 5903
777 2213 878 2278 forma
894 2213 1064 2279 Homerica
1079 2227 1127 2278 est
1141 2212 1253 2301 εὐηγε-

116 2314 170 2406 νὴς
191 2344 198 2386 :
222 2329 263 2387 A.
285 2322 363 2405 4275
397 2321 439 2386 Ψ.
461 2323 511 2387 81.
536 2359 570 2369 -
606 2320 706 2386 Porro
740 2331 883 2386 ornatus
901 2323 1033 2387 orationi
1054 2321 1255 2409 adspergitur

114 2429 261 2516 epithetis
282 2421 414 2517 εὐκλεής
436 2452 444 2493 :
464 2428 542 2493 Her.
558 2430 618 2492 fur.
634 2429 697 2494 290
713 2423 816 2510 οὐμύς
834 2428 863 2493 d
878 2424 1102 2515 ὐμοιρτύρητος
1123 2423 1255 2514 εὐκλεὴς

114 2525 228 2621 πόοις;
253 2574 287 2584 -
313 2526 481 2624 εὐπρεπής
504 2559 511 2600 :
533 2536 584 2601 El.
601 2539 662 2603 820
676 2535 782 2626 ῥίψας
804 2533 861 2602 ὐπ’
881 2533 980 2619 ὐμων
1000 2533 1150 2622 εὐπρεπῆ
1171 2557 1254 2622 πορ-

115 2641 270 2728 ποῖματοις
295 2681 329 2691 -
354 2636 479 2730 εὐφυής
501 2669 508 2708 :
530 2644 563 2711 J.
586 2647 625 2709 A.
650 2644 771 2734 [1516*]
795 2636 901 2731 εὐφυῆ
922 2638 1072 2727 σώματος
1093 2642 1186 2730 δέρην
1199 2644 1253 2728 (cf.

115 2752 210 2817 Ηοω.
241 2756 278 2818 Δ.
314 2752 371 2817 147
402 2753 500 2838 μηροὶ
534 2748 695 2838 εὐφυέες).
738 2753 880 2818 Accedat
910 2745 1100 2837 καλλιζυγής
1122 2775 1129 2816 :
1152 2749 1253 2815 Andr.

112 2860 192 2926 278*
214 2852 307 2947 ἅρμα
327 2854 489 2939 δαιμόνων
510 2855 598 2944 dycta
617 2856 658 2926 τό
679 2858 883 2946 κολλιζυγές,
911 2861 966 2925 uhi
987 2860 1027 2925 ad
1049 2859 1254 2947 pulchritudi-

114 2989 186 3031 nem
215 2966 345 3032 dearum
377 2990 470 3033 curru
505 2969 686 3033 vehentium
714 2992 778 3034 non
807 2971 913 3055 inepte
935 2967 1073 3055 epitheto
1097 2967 1252 3030 alluditur.

116 3113 149 3123 -
175 3074 335 3140 Suffixum
367 3090 389 3141 ᾶ
420 3077 468 3163 (η)
504 3087 636 3164 apparet
667 3079 699 3141 in
733 3075 918 3152 καλλιδίνος
939 3101 946 3140 :
968 3077 1045 3141 Her.
1078 3074 1139 3139 fur.
1174 3073 1253 3139 368*

113 3177 247 3259 Πενειὸς
276 3179 293 3249 ὁ
322 3181 523 3270 κολλιδὶνος,
547 3223 581 3234 -
607 3207 645 3250 ιο
673 3187 705 3251 in
728 3175 913 3273 ἀμβρόσιος
935 3208 942 3248 z
964 3185 1062 3271 Hipp.
1086 3183 1163 3248 136*
1185 3177 1253 3262 ὐμ-

112 3288 246 3376 βροσλου
267 3283 445 3376 οτόμοτοςς
469 3330 504 3340 -
528 3315 570 3358 νο
600 3295 632 3357 in
670 3285 816 3380 εὐτορνος
839 3317 846 3357 :
869 3291 987 3356 Troad.
1012 3291 1089 3356 1197
1112 3289 1202 3365 ἴτυος
1222 3289 1256 3353 ἐν

113 3393 296 3485 εὐτόρνοισι
325 3392 548 3486 περιδρόμοις.
573 3439 607 3449 -
632 3401 770 3468 Claudat
796 3421 911 3487 agmen
933 3400 1110 3464 Hermanni
1133 3398 1255 3483 conjec-

112 3518 184 3571 tura
214 3507 256 3571 ad
289 3505 345 3572 Or.
380 3509 477 3574 1428*
498 3510 663 3595 proposita
686 3531 694 3572 :
717 3498 818 3593 οὐραν
849 3502 965 3592 εὐπᾶμ
987 3497 1091 3589 κόκλιμ
1113 3502 1255 3590 πτερίνῳ

112 3604 230 3702 dodau,
252 3616 308 3680 ubi
328 3616 417 3681 libris
439 3628 470 3681 et
492 3611 674 3702 aducyelet
688 3607 821 3703 εὐπηγεῒ
842 3615 1017 3697 exhibetur,
1040 3611 1253 3699 quodutrum-

113 3746 177 3811 que
198 3732 299 3788 metro
321 3732 490 3811 repugnat.
