2738 4830
576 431 793 497 -173-

111 618 197 696 mus,
220 614 283 678 alia
303 614 396 678 nobis
418 614 469 678 via
490 612 699 700 ingredienda
722 622 778 677 est.
822 597 1036 677 Membrorum
1058 614 1144 677 enim
1159 613 1255 677 abun·

109 722 258 786 dentiam
285 722 319 784 in
341 744 379 785 eo
403 720 615 807 epithetorum
648 743 766 806 genere
786 722 925 785 maxime
947 721 1050 784 locum
1072 720 1189 784 habere
1211 721 1256 784 vi·

107 829 243 912 demus,
275 850 409 915 quorum
441 838 548 916 partes
581 829 631 892 vel
654 828 875 893 antecedentes
907 828 957 891 vel
978 829 1181 914 insequentes
1204 839 1257 892 aut

106 936 252 1000 notionis
284 934 420 1022 quadam
453 935 642 1020 cognatione
675 958 746 999 cum
775 935 955 1001 nominibus
988 936 1053 999 suis
1075 934 1255 1018 cohaerent,

107 1053 169 1108 aut
192 1065 286 1109 sensu
307 1066 437 1131 prorsus
458 1042 535 1107 nihil
557 1044 597 1106 ab
626 1043 687 1108 illis
710 1043 868 1107 differunt.
911 1042 1030 1108 Prioris
1052 1044 1179 1128 generis
1201 1063 1254 1107 en⁷

108 1149 256 1237 emplum
287 1159 335 1215 est
367 1150 478 1231 δεξιᾶς
499 1140 660 1215 ου’ωλένοο
682 1150 780 1237 Hipp.
801 1151 898 1232 605*,
917 1150 971 1214 nbi
992 1150 1091 1214 altero
1113 1151 1255 1214 membro

109 1280 191 1345 pars
213 1256 377 1341 indicatur,
399 1280 482 1344 quae
503 1260 537 1322 in
551 1266 617 1323 toto
633 1258 825 1344 conspicitur
841 1259 967 1321 nomine
982 1255 1078 1338 δεξία
1094 1280 1255 1344 expresso.

111 1366 183 1433 Sed
214 1365 294 1428 adeo
321 1387 384 1429 non
406 1365 597 1430 credendum
620 1375 684 1446 est,
713 1365 810 1429 cubiti
836 1367 998 1430 notionem
1028 1366 1170 1452 inprimis
1205 1366 1256 1430 bic

110 1471 256 1558 epitheto
279 1471 391 1537 offerre
413 1473 552 1537 voluisse
574 1481 718 1559 poetam,
748 1483 783 1536 ut
804 1471 883 1537 haec
905 1494 981 1558 prae
1004 1473 1103 1536 altera
1124 1473 1253 1559 quidem

114 1580 224 1668 priore
246 1581 388 1645 membro
409 1580 547 1645 indicata
560 1580 629 1645 fere
651 1588 829 1644 evanescat.
847 1617 881 1629 -
900 1581 1044 1644 Alterum
1066 1602 1168 1665 genus
1189 1581 1256 1645 illu·

112 1697 233 1753 stretur
254 1688 375 1753 Phoen.
399 1689 497 1755 1549*
518 1679 607 1753 πόδα
635 1684 689 1753 οόν
709 1679 913 1772 τυφλόπουν,
943 1710 1078 1775 quocum
1109 1688 1256 1774 exempla

114 1796 262 1860 conferas
293 1818 323 1882 p.
347 1796 407 1860 172
438 1795 575 1860 laudata.
627 1796 667 1860 In
700 1797 750 1860 his
771 1796 867 1881 igitur
887 1795 1060 1883 perfectam
1089 1797 1255 1860 nominare

114 1904 189 1967 licet
201 1902 444 1987 abundantiam3
463 1912 571 1969 contra
583 1892 681 1991 Hipp.
694 1904 774 1968 605*
785 1902 1002 1990 imperfectam
1017 1903 1116 1967 habes
1127 1924 1201 1966 nam
1223 1903 1255 1965 in

116 2011 177 2076 hoc
195 2032 266 2074 cnm
282 2011 480 2097 aliquatenus
495 2020 580 2075 certe
595 2012 840 2096 persentiscatnr
855 2010 958 2075 adhuc
973 2011 1101 2074 alterius
1122 2011 1255 2074 membri

115 2117 306 2202 significatio
329 2118 360 2181 in
386 2117 446 2181 illis
467 2117 546 2182 haec
567 2119 612 2182 ita
632 2118 726 2205 plane
749 2118 879 2201 delituit,
902 2128 935 2182 ut
963 2119 997 2181 in
1018 2118 1164 2181 versione
1185 2119 1256 2203 ipsa

115 2224 264 2289 membra
279 2208 406 2317 omnino
420 2225 510 2289 reddi
524 2235 693 2312 nequeant.
709 2263 749 2274 —-
767 2226 790 2293 J
793 2248 844 2290 am
858 2247 934 2290 vero
950 2247 1060 2289 causas
1074 2225 1167 2310 hujus
1179 2224 1256 2289 idio-

115 2332 208 2396 matis
231 2333 493 2420 circumspicienti
514 2333 590 2419 mihi
613 2331 694 2398 duae
716 2333 913 2420 potissimum
943 2332 976 2396 in
997 2342 1137 2397 mentem
1161 2355 1254 2397 vene-

115 2448 199 2522 runt,
222 2461 355 2525 quarum
369 2461 466 2505 unam
479 2440 608 2526 quidem
624 2461 755 2527 eamque
770 2441 991 2526 gravissimam
1007 2461 1102 2525 supra
1116 2445 1162 2525 (p.
1180 2440 1253 2525 172)

108 2546 180 2631 jam
212 2547 324 2633 tetigi5
357 2549 459 2633 posita
494 2558 541 2612 est
572 2550 604 2611 in
634 2558 800 2634 poetamm
832 2547 934 2612 studio
969 2569 1020 2611 res
1062 2569 1254 2633 personasve

115 2674 211 2739 quam
242 2655 438 2739 apertissime
468 2654 564 2719 oculis
597 2653 779 2719 subiciendi.
822 2654 887 2719 Vix
918 2663 1023 2718 autem
1057 2655 1169 2719 mirum
1191 2657 1253 2720 cui-

114 2781 211 2846 quam
232 2761 376 2826 videatur
398 2783 438 2825 ex
461 2763 516 2846 eis,
539 2784 621 2848 quae
643 2762 682 2825 de
704 2760 1007 2848 „descriptivorum“
1029 2771 1143 2826 natura
1158 2785 1253 2849 supra

115 2870 151 2954 (ξ
171 2868 223 2947 39)
257 2867 507 2955 disputavimus,
542 2869 626 2955 quod
663 2870 712 2933 his
745 2869 821 2956 ipsis
842 2891 1018 2955 permagna
1039 2869 1252 2936 abundantiae

114 2979 332 3065 exemplorum
353 2998 427 3062 pars
450 2975 593 3041 efficitur.
636 2976 748 3041 Altera
785 2976 877 3061 hujus
898 2975 1057 3040 idiomatis
1079 2998 1173 3040 cansa
1193 3000 1253 3041 nec

115 3108 154 3150 ea
184 3082 311 3172 quidem
341 3085 574 3149 contemnenda
603 3085 635 3149 in
654 3105 702 3149 eo
721 3085 877 3165 cernitur,
900 3083 985 3170 quod
1008 3085 1172 3171 compositi
1192 3106 1252 3149 usn

115 3193 291 3258 orationem
313 3192 538 3278 elegantiorem
561 3200 593 3256 et
607 3215 627 3256 a
649 3191 805 3256 cotidiano
822 3190 945 3255 dicendi
959 3214 1019 3256 usu
1033 3192 1136 3276 magis
1151 3214 1252 3257 remo-

114 3308 180 3364 tam
208 3309 303 3387 poeta
329 3321 423 3386 saepe
445 3297 578 3364 reddere
601 3298 717 3363 studet.
771 3295 867 3376 Quod
899 3300 1085 3386 praesertim
1119 3301 1152 3363 in
1187 3301 1251 3387 epi-

112 3406 201 3471 theta
215 3406 297 3471 cadit
312 3406 352 3470 ab
378 3397 425 3489 εὖ,
448 3400 499 3485 οἷ-,
522 3406 602 3481 dvc·
626 3398 809 3490 incipientia
825 3406 859 3490 (ξ
874 3407 947 3491 77);
969 3406 1045 3471 talia
1060 3408 1143 3472 enim
1158 3407 1250 3472 Euri-

113 3513 205 3601 pides
225 3536 290 3577 non
312 3535 383 3577 raro
404 3512 533 3578 adhibet
554 3512 608 3576 ubi
630 3514 783 3600 simplicia
806 3508 924 3597 καλός,
956 3505 1100 3598 ἀγαθός,
1124 3507 1250 3591 ἐσθλός.

113 3610 211 3696 κακός
219 3620 438 3708 similiaperse
444 3619 513 3705 jam
521 3642 649 3684 sensum
658 3620 804 3684 omnibus
813 3623 951 3685 numeris
960 3622 1139 3687 absolutum
1147 3623 1251 3688 effice-

112 3737 194 3811 rent,
215 3738 251 3792 ut
277 3728 397 3791 Phoen.
423 3726 500 3792 1217
522 3720 693 3811 εὐάγγελος
713 3715 822 3813 φήμης
853 3725 931 3791 Her.
953 3728 1014 3792 fur.
1036 3729 1097 3792 288
1119 3720 1253 3816 δόκησις

112 3831 245 3921 adularis
266 3824 382 3918 δορός,
414 3857 496 3920 quae
526 3845 600 3899 sunt
620 3835 824 3921 imperfectae
854 3834 1065 3900 abundantiae
1088 3838 1249 3923 exempla3

110 3943 287 4032 perfectam
330 3943 427 4007 habes
471 3942 592 4006 Phoen.
634 3943 714 4008 808*
750 3935 1003 4022 ἀμουσοτάταισι
1039 3939 1095 4008 οὐν
1131 3939 1250 4029 φ’δαῖςς

111 4050 211 4137 Hipp.
235 4050 332 4115 1143*
353 4041 482 4129 πότμος
503 4039 651 4129 ἄποτμος
671 4050 706 4134 (ξ
728 4050 792 4133 77).

198 4155 289 4236 Quae
317 4157 480 4245 hucusque
502 4158 704 4246 exposuimus
733 4159 774 4223 ad
807 4157 947 4244 epitheta
967 4161 1067 4223 solum
1088 4159 1250 4246 pertinent
