2738 4830
462 439 794 514 ,-νοι-

112 612 229 696 adnare
248 617 397 703 ,δαίμονα
417 623 559 706 πρῶτον,
592 619 720 686 demum
736 621 876 707 primunt
896 621 932 685 in
959 621 1138 701 hilaritate,
1170 645 1251 707 qaae

108 728 254 816 pulchris
264 727 389 794 aaronis
399 729 559 815 cfficitnr3
579 765 621 776 —
634 728 736 793 Andr.
751 729 848 793 1021*
860 723 988 813 οἷνδρῶν
1008 723 1147 809 ἁμίλλας
1162 723 1251 794 ἔθαν’

113 831 314 922 decepimus
345 836 426 902 talia
447 837 630 903 instituistis
657 837 816 902 hominnm
843 837 1034 919 certamina,
1062 836 1251 902 andanems

112 969 246 1010 emanas
265 958 427 1030 reportare
444 958 565 1031 posset3
590 981 623 992 -
641 943 673 1010 J.
689 943 727 1008 Τ.
739 944 818 1010 437*
838 937 1006 1028 Ἀχιλλῆος
1013 934 1131 1029 δρόμοι
1143 942 1250 1009 καλλι·

115 1043 244 1116 στάδιοι
255 1075 374 1135 cursus,
389 1053 447 1137 qui
453 1053 489 1117 in
492 1052 641 1138 pulchris
651 1051 768 1117 stadiis
772 1051 876 1137 βασις
900 1087 934 1100 -
953 1049 1037 1115 Med.
1055 1051 1133 1117 196*
1146 1050 1252 1116 πολυ-

112 1149 246 1244 χόρδσις
261 1154 364 1243 uiduis
378 1161 581 1242 carminibus,
602 1183 683 1246 qaae
696 1160 741 1226 ad
754 1160 926 1226 mattarum
939 1159 1129 1225 chordarum
1142 1184 1252 1226 sanam

113 1281 287 1351 canuntnr3
318 1304 353 1316 -
384 1267 446 1353 frg.
479 1269 611 1347 'itbffll
638 1259 801 1353 adducant
823 1264 951 1348 μολπαί
978 1269 1140 1347 carmina,
1172 1291 1252 1353 quae

111 1375 206 1460 festis
227 1374 335 1440 datos
356 1389 513 1441 canuntur
527 1377 546 1439 i.
559 1398 586 1441 e.
600 1375 741 1457 diiuria,·
764 1413 797 1425 -
822 1375 856 1442 J.
879 1375 918 1441 T.
942 1375 1039 1443 1275*
1060 1363 1252 1461 πολύχρυσα

115 1475 324 1567 λατρεύματα
344 1484 364 1546 i.
380 1504 407 1547 e.
423 1507 466 1549 an
480 1483 569 1564 cutte,
591 1485 650 1569 qui
665 1484 741 1569 fara
762 1484 881 1570 affluar
902 1483 961 1550 l'or
989 1483 1072 1548 dans
1094 1484 1122 1548 le
1142 1483 1253 1570 temple

115 1590 159 1655 dn
179 1590 264 1656 Dian
287 1588 422 1675 (weit).
442 1626 482 1637 -
504 1589 672 1656 Sohirlituii
688 1581 903 1655 auctoritatem
927 1599 1052 1655 secutae
1066 1591 1127 1656 hue
1147 1590 1251 1656 resero

115 1699 211 1762 etiam
226 1697 322 1762 Rhoe.
338 1697 419 1763 260*
432 1689 655 1784 νακόγαμβρος
669 1675 752 1780 νόος,
773 1696 858 1784 quad
879 1698 931 1762 ille
951 1699 1046 1763 vertit
1058 1697 1083 1782 ¹)
1106 1721 1114 1762 ε
1136 1698 1253 1764 lacteum

115 1807 227 1891 quiin
257 1806 439 1872 consobrini
455 1806 634 1892 infortunio
665 1819 817 1870 versatur.
861 1805 954 1888 Item,
977 1805 1002 1868 ei
1024 1803 1175 1869 Weilium
1198 1826 1252 1869 au-

117 1913 193 1995 dies,
217 1913 268 1978 hic
287 1914 449 1978 nominare
472 1912 600 1978 debebis
621 1913 718 1978 verba
738 1902 902 1997 οἷφὺλλονς
928 1903 1088 1993 στόματος
1101 1907 1253 1992 ἐξάπτων

114 2013 208 2096 tacte
239 2019 296 2088 Or.
317 2021 396 2105 383,
429 2041 511 2107 quae
545 2018 583 2084 da
616 2043 650 2085 se
677 2022 746 2107 ipso
769 2019 1059 2107 supplexOreetee
1081 2019 1251 2106 praedicat.

117 2128 243 2196 Statuta
278 2129 375 2214 igitur
410 2128 539 2216 epitheti
552 2112 555 2117 ¹
568 2128 753 2214 trajectione
788 2130 822 2212 (ξ
850 2128 905 2211 72)
922 2150 1032 2215 procas
1060 2151 1076 2193 e
1107 2127 1169 2192 tali
1201 2150 1253 2193 ore

115 2237 346 2323 proficiscentes
378 2237 610 2324 intellegendae
648 2247 721 2300 aunt
752 2238 807 2302 cni
831 2236 926 2322 foliis
953 2236 1065 2322 qualia
1095 2235 1253 2322 supplices
1324 2312 1335 2335 Ι

114 2345 288 2432 portabant
300 2393 309 2426 ,
352 2369 430 2431 opus
482 2369 545 2410 non
597 2346 639 2409 sit
649 2346 684 2426 ²).
748 2344 942 2409 Dubitanter
993 2343 1130 2430 denique
1181 2366 1253 2430 pro·

115 2453 184 2516 iero
205 2452 238 2518 J.
255 2451 293 2516 T.
311 2452 418 2536 1148*‚
440 2453 494 2517 ubi
516 2451 631 2518 charus
652 2461 748 2540 optat,
771 2462 806 2516 ut
826 2454 997 2540 praeterita
1019 2449 1251 2516 adolescentiae

116 2569 261 2646 tempora
287 2558 434 2643 redeant,
461 2560 576 2646 quibus
603 2562 672 2646 ipse
695 2561 826 2624 choreae
849 2560 985 2623 ducebat
1010 2558 1126 2641 χλιδᾶς
1147 2553 1253 2643 ἀβρο-

116 2655 273 2732 πλούνοιο
304 2663 352 2743 οἷς
384 2665 454 2754 ἔριν
484 2663 639 2754 ὀρνυμένα
669 2669 822 2755 (loquitur
855 2666 991 2749 mulier).
1035 2665 1125 2731 Haec
1145 2666 1253 2751 verbe,

117 2797 198 2860 quae
218 2775 435 2840 Kirohhoffiue
464 2799 483 2840 a
512 2774 712 2849 Marklandia
733 2775 849 2857 χλιδᾶς
878 2799 936 2862 pro
957 2777 1074 2856 χαίτας
1094 2775 1254 2840 scribente

116 2884 245 2969 recepit,
267 2885 347 2948 verti
369 2894 531 2970 nequeunt
551 2886 610 2949 niei
634 2909 641 2950 :
663 2888 698 2950 in
712 2899 866 2952 certamen
882 2909 914 2951 se
929 2885 1073 2968 deferens
1095 2885 1255 2964 tanariae,

116 3015 179 3077 qna
201 2991 355 3056 delicatae
376 2991 509 3058 diuitiae
528 2992 722 3059 indicantur.

199 3099 289 3180 §86.
333 3098 440 3165 Pauca
460 3112 628 3187 supersunt
649 3101 796 3188 exempla
807 3152 817 3184 ,
849 3100 904 3165 ubi
935 3102 1074 3188 epitheta
1094 3101 1253 3186 praeposi·

116 3206 203 3270 tione
230 3228 302 3270 eum
325 3229 408 3281 ,eaeu
439 3207 614 3295 pedisequo
642 3219 765 3274 vertere
794 3211 946 3295 cogimur.
989 3208 1061 3274 Hoc
1082 3209 1114 3271 in
1136 3229 1254 3293 genere

117 3312 215 3376 affero
238 3336 246 3378 z
267 3315 475 3400 frg.122*113
496 3306 734 3402 πολυδάκρυτον
754 3311 848 3382 Ἀλδα
868 3313 942 3400 yadu
962 3315 1154 3405 φλέγουσαν,
1174 3315 1254 3380 ntul-

118 3421 159 3484 tis
179 3444 249 3486 anm
269 3422 412 3488 lacrimis
431 3423 542 3489 Hadia
562 3424 718 3490 ululatum
740 3424 965 3511 effundentem
988 3463 1026 3472 -
1049 3424 1160 3511 Suppl.
1196 3423 1255 3488 134

117 3521 225 3614 ἐγγενῆ
246 3535 374 3618 συνῆψα
395 3529 565 3617 andnimi.
588 3553 615 3596 ο.
631 3527 716 3620 προς
736 3531 864 3619 ἑγγονᾶα
884 3553 948 3601 συν.
971 3534 1040 3621 and.
1056 3532 1253 3615 (Versabun-

115 3660 235 3726 9arnn9
263 3638 320 3703 mit
354 3638 592 3725 Vernandten);
611 3678 654 3688 -
674 3641 744 3705 Ala.
769 3642 867 3707 1156*
887 3636 1019 3724 βωμούς
1039 3640 1150 3706 κνισᾶν
1169 3643 1254 3722 βοο-

119 3736 252 3811 θύνοισι
271 3751 499 3832 προστροπαῖς
516 3748 664 3834 precibus
685 3772 754 3813 eura
775 3750 864 3840 boun
885 3749 1054 3836 sacrificiis
1077 3748 1253 3836 (paractis).

118 3851 149 3916 Ν
152 3876 192 3916 on
214 3854 405 3918 mediocrem
420 3854 495 3918 mihi
518 3856 761 3943 trepidationem
777 3855 923 3922 Helenae
950 3857 1048 3921 verba
1068 3856 1254 3942 injecerunt,

120 3983 201 4046 quae
225 3960 264 4026 de
285 3983 319 4026 aa
339 3963 410 4049 ipen
429 3963 485 4029 illa
504 3965 666 4050 praedicat
689 3962 885 4031 dubitatione
907 3973 1033 4047 vexata,
1056 3973 1161 4028 utrum
1183 3986 1255 4028 sue·

190 4139 199 4170 ¹
227 4142 243 4192 1.
262 4157 284 4192 a.
321 4145 386 4193 .47.

187 4144 209 4298 'i
228 4158 336 4287 Weililde
356 4237 434 4287 vertit
451 4256 457 4286 ι
476 4255 508 4287 en
520 4237 670 4306 suspendant
682 4240 710 4302 (ὰ
721 4246 757 4288 tet
768 4238 876 4304 perrona)
896 4238 930 4289 λιι
945 4239 1041 4305 amires
1063 4236 1136 4303 d'une
1153 4235 1255 4298 boucha,

120 4327 163 4394 qen
179 4324 223 4377 n'a
239 4342 288 4396 pas
305 4325 389 4377 beroia
405 4325 439 4374 da
456 4341 556 4376 ιιαοιαι
573 4322 632 4375 dan
648 4339 754 4376 νοοιοσιι
771 4328 850 4376 mre.
