2738 4830
592 416 772 480 ..8-

113 602 257 688 personis
288 602 547 664 internoscuntur
558 597 594 683 ¹).
637 596 719 663 Inde
751 597 909 683 sequitur,
950 597 1013 660 huc
1044 618 1082 660 aa
1124 618 1251 683 quoque

114 711 274 795 pertinere
297 707 450 794 epitheta,
481 704 596 792 quibus
628 707 673 769 rei
694 724 890 792 personasve
924 703 1159 768 circumlocutio
1192 705 1253 787 fiat

114 818 158 881 ita
177 792 316 902 quidem,
338 824 374 878 ut
394 836 512 877 nomen
533 812 638 899 ipsum
661 811 981 876 circumscribendum
1002 833 1067 875 non
1100 813 1141 875 sit
1170 810 1254 876 addi·

114 933 190 1007 tum,
213 922 269 986 sed
291 920 331 986 ad
352 921 544 986 intellectum
567 921 642 983 satis
665 919 748 983 clare
770 929 802 982 et
823 917 987 983 evidenter
1003 919 1070 1004 jam
1100 918 1182 983 alius
1202 941 1255 983 nc·

114 1032 208 1094 minis
230 1052 300 1093 eum
318 1028 457 1116 epitheto
472 1028 695 1114 conjunctione
710 1026 891 1108 iudicatum,
912 1024 1080 1090 dummodo
1099 1047 1255 1091 conexum

115 1137 343 1202 sententiarum
366 1135 556 1223 perpendas.
599 1135 673 1200 Huc
693 1134 797 1199 refero
826 1128 966 1198 ποτανοίν
986 1126 1018 1200 sl
1036 1132 1078 1215 μὲ
1100 1156 1152 1210 τις
1170 1138 1257 1198 θεῶν

112 1242 221 1310 κτίσαι
243 1235 426 1324 διπόταμον
446 1247 500 1326 (=
511 1241 635 1306 duobus
655 1242 836 1307 fluminibus
849 1242 1062 1327 adjacentem)
1087 1236 1142 1308 ἵνα
1163 1233 1255 1307 πόλιν

112 1342 202 1445 μόλγν
236 1352 347 1440 Suppl.
370 1351 450 1415 621*
478 1350 509 1414 h.
531 1373 558 1414 e.
582 1349 731 1433 Thebas3
761 1342 884 1414 κυάνεοι
916 1339 1108 1436 στενόποροι
1137 1351 1256 1434 πέτραι

114 1460 146 1526 J.
190 1459 229 1523 Τ.
251 1459 331 1524 890*
362 1461 416 1540 (=
432 1458 696 1544 Symplegades);
725 1449 972 1544 ἀνθεμόρρυτον
1003 1448 1097 1543 γόνος
1135 1460 1257 1543 ξουθῆς

111 1565 266 1653 μελίσσης
285 1565 319 1632 J.
342 1565 380 1630 Τ.
403 1566 474 1646 634,
497 1565 611 1651 quibus
632 1565 735 1629 mellis
756 1567 843 1629 notio
865 1566 1148 1649 circumscribitur3
1170 1569 1256 1630 θεῶν

111 1680 177 1739 ταῖν
197 1664 411 1738 λευκοπώλων
442 1663 581 1754 δείματα
615 1672 735 1737 Phoen.
768 1673 848 1738 606*
879 1675 897 1736 i.
920 1695 948 1736 ο,
999 1673 1192 1760 Amphionis
1225 1684 1256 1738 et

112 1782 214 1863 Zethi,
249 1780 334 1867 quod
366 1781 518 1866 probetur
550 1780 627 1844 Her.
650 1781 709 1844 fur.
732 1780 790 1864 29;
830 1774 1030 1860 χαλκόπυλος
1050 1772 1118 1845 θεοί
1137 1781 1254 1845 Troad.

114 1889 213 1953 1113*
235 1917 274 1944 =
296 1887 444 1952 Minerva
476 1888 681 1954 Chalcioecos
703 1887 792 1972 (Hel.
828 1889 917 1970 228*,
949 1887 1059 1971 245*);
1090 1889 1176 1975 φημί
1196 1882 1255 1974 γάρ

117 2017 198 2061 ποτε
210 1993 380 2077 σύμπλους
392 1994 548 2080 γενέσθαι
558 1995 651 2060 suiad
663 1989 859 2075 ὑπασπίζων
879 1994 992 2082 πατρί,
1016 1995 1170 2083 ζωστῆρα
1190 1998 1255 2082 Θιγ·

117 2108 168 2170 osi
188 2096 245 2169 τόν
266 2096 462 2170 πολυκτόνον
481 2100 563 2185 μέτα
582 2103 710 2169 Heracl.
723 2105 782 2171 217
805 2105 835 2170 h.
859 2128 885 2169 e.
908 2114 943 2168 ut
964 2127 1151 2192 caperemus
1175 2104 1250 2192 Hip

117 2212 245 2299 polytae
268 2214 446 2298 cingulum3
476 2212 514 2276 de
542 2212 603 2276 hoe
631 2213 713 2275 enim
737 2215 890 2277 acerrima
917 2214 999 2276 inter
1030 2212 1205 2277 Herculem
1227 2223 1255 2278 et

114 2322 295 2384 Amazones
317 2343 427 2406 pugna
448 2330 559 2385 exorta
582 2331 656 2400 erat,
679 2321 710 2384 in
732 2343 796 2407 qua
810 2323 879 2407 ipsa
897 2321 1007 2385 harum
1030 2321 1142 2406 regina
1163 2320 1254 2385 inter-

114 2428 199 2491 fecta
220 2438 277 2490 est.
312 2428 484 2493 Praeterea
506 2450 689 2515 comparare
714 2430 832 2516 poteris
854 2427 955 2492 Andr.
968 2429 1038 2493 253.
1072 2430 1143 2493 Ale.
1158 2429 1254 2510 441*;

112 2533 501 2618 He1.207*,639*1128*;
523 2534 650 2599 Heracl.
667 2535 760 2619 750³*3
782 2534 860 2599 Her.
872 2536 932 2600 fur.
951 2537 1058 2619 1178*‚
1069 2535 1143 2602 J.T
1158 2538 1253 2620 890*;

112 2641 298 2724 Jon.1478;
318 2640 439 2705 Phoen.
454 2641 525 2725 825,
549 2642 649 2725 11623
671 2640 769 2706 Rhoe.
781 2643 861 2725 6513
883 2642 944 2728 frg.
960 2643 1018 2706 122
1033 2654 1092 2708 cet.
1134 2643 1254 2708 Videas

113 2760 227 2829 autern,
251 2770 344 2834 quam
367 2749 448 2812 mira
469 2750 510 2812 sit
530 2749 652 2813 indoles
674 2748 837 2834 Euripidis
852 2751 994 2836 poetica3
1018 2773 1101 2833 nam,
1124 2751 1156 2815 id
1171 2749 1254 2839 quod

114 2879 131 2920 c
154 2867 245 2943 parte
263 2857 331 2942 jam
352 2855 551 2921 laudatorum
574 2857 792 2943 exemplorum
814 2869 954 2944 apparet,
977 2881 1041 2923 non
1062 2881 1134 2924 raro
1155 2860 1189 2923 in
1211 2870 1253 2925 ta·

112 2966 195 3029 libus
226 2965 568 3052 circumscriptionibus
600 2974 698 3029 totam
722 2965 863 3030 fabulam
883 2967 935 3030 vel
956 2967 1049 3031 aliam
1072 2969 1168 3032 etiam
1188 2991 1253 3032 rem

114 3095 133 3134 a
154 3073 287 3137 veritate
322 3074 406 3136 vitae
438 3073 607 3159 repetitam
640 3082 784 3158 spectare
805 3073 858 3137 ille
892 3075 971 3138 solet
992 3076 1084 3139 unico
1106 3076 1255 3160 epitheto,

114 3201 215 3265 eoque
237 3180 358 3245 facilius
380 3181 482 3266 potuit
497 3190 651 3266 spectare,
674 3181 758 3267 quod
775 3202 882 3246 coram
896 3183 1147 3247 Atheniensibus
1167 3183 1254 3248 fabu-

112 3286 160 3351 las
183 3287 325 3367 docebat‚
346 3286 526 3351 hominibus
549 3287 678 3350 eruditis
700 3276 911 3374 atque'bonis
933 3289 1053 3353 artibus
1074 3289 1190 3377 politis.

194 3394 270 3461 Jam
298 3417 374 3459 vero
397 3395 529 3459 eandem
561 3405 661 3458 artem
682 3395 845 3483 Euripidis
867 3397 1024 3482 poeticam
1045 3398 1078 3461 in
1101 3383 1254 3486 exemplis

113 3501 272 3586 miramur,
294 3504 399 3588 qualia
415 3512 489 3567 sunt
504 3525 511 3566 :
527 3498 649 3588 γίγαντι
670 3505 818 3590 γηγενέτᾳ
839 3496 1040 3590 προσόμοιος
1053 3504 1254 3572 Phoen128*

113 3609 168 3694 (cf.
191 3631 221 3673 ν.
244 3610 357 3694 1131);
381 3605 473 3688 ὑμνεῖ
482 3608 688 3696 παιδολέτωρ
704 3601 837 3698 αἰγδονίς
847 3612 943 3677 Rhes.
960 3614 1057 3697 549*;
1078 3611 1137 3678 τόν
1157 3609 1253 3701 ο’ρει’

112 3707 206 3796 νόμω
227 3707 347 3801 οἷγρίων
377 3710 569 3804 Κενταύρων
587 3721 675 3800 γένος
695 3720 773 3785 Her.
784 3722 844 3784 fur.
856 3721 952 3805 364*;
975 3716 1171 3807 Ἑσπερίδων
1191 3747 1252 3810 μγ-

112 3814 268 3909 λόσπορον
299 3815 397 3890 οἶκτόν
427 3827 525 3914 Hipp.
571 3829 667 3911 742*;
696 3822 749 3892 ὅτε
780 3849 817 3891 σε
838 3828 947 3894 τέκετο
967 3827 1135 3916 ματρόθεν
1168 3829 1252 3906 Ζεός

113 3933 249 4018 πρέπων
275 3928 316 3997 di‘
338 3929 476 4019 αἰθέρος
504 3929 678 4021 χιονόχρως
709 3928 822 4000 κόκνου
853 3937 964 4021 πτέρῳ
981 3938 1053 4002 Hel.
1076 3939 1169 4021 216*,
1201 3941 1249 4005 ubi

191 4261 209 4325 ¹)
228 4262 292 4312 dure
310 4261 561 4325 individualr'u'rmde
579 4263 714 4317 Βτίυοπιυ
731 4263 796 4315 haec
813 4264 980 4331 appellantur.
