2738 4830
569 427 795 491 -116-

69 608 71 612 ’
113 613 240 676 navium
263 613 406 676 celeritas
429 609 572 674 laudetur
586 607 660 673 Hel.
678 608 758 674 1272
773 603 932 672 Φοινὶοοα
948 597 1140 691 ταχύπορος
1154 596 1277 691 κώπη,

113 720 167 784 ubi
199 741 255 806 per
286 717 505 805 synecdochen
537 707 628 802 κώπη
662 738 719 803 pro
748 720 826 791 ναῦς
852 723 900 780 est
920 716 1066 802 positum.
1112 716 1286 787 Altemnn

113 828 203 891 nevis
234 825 396 914 epitheton
430 835 478 890 est
507 815 714 904 ιοίύπομπος
745 822 801 910 (cf.
832 822 1038 887 Homericum
1084 811 1286 908 ω’κύπορος

114 957 145 1021 p.
171 911 243 1021 112)
266 958 274 997 :
296 933 329 1000 J.
353 932 392 998 T.
418 933 515 998 1136*
536 923 737 1013 ω’κοπόμποο
757 921 852 1018 ναός,
881 952 1018 1016 quocum
1049 928 1089 994 cf.
1113 954 1143 994 v.
1170 931 1286 1022 1427ἑ

113 1040 166 1104 ubi
201 1041 325 1106 diverso
359 1050 491 1106 accentu
521 1040 667 1124 legitur:
689 1029 909 1121 ὠκοπομποιῗς
942 1032 1044 1119 ἕλξετ’
1074 1034 1126 1114 εἰς
1145 1030 1286 1106 πόντοι

112 1140 249 1224 πλάτας.
274 1185 309 1197 -
335 1148 504 1234 Subjungo
528 1137 702 1233 τοτρᾶορος
722 1150 790 1212 sive
815 1142 977 1232 τέτρωρος
997 1169 1005 1210 :
1028 1146 1099 1210 Ale.
1121 1146 1187 1212 483
1208 1145 1283 1211 τὲ-

114 1279 240 1342 τρονρον
264 1248 371 1343 cipum
394 1255 434 1320 cf.
449 1254 577 1320 Heracl.
593 1256 673 1339 8603
695 1253 808 1342 Suppl.
828 1256 908 1340 6673
929 1253 963 1321 J.
978 1255 1019 1319 A.
1034 1254 1134 1339 213*;
1161 1255 1267 1344 Hipp.

118 1364 197 1429 1229
207 1363 365 1450 τέτρωρον
374 1357 462 1445 ὄχοις
480 1361 672 1450 8ορρ1675,
689 1351 924 1449 οοτετράζυχος
937 1385 945 1427 z
960 1361 1034 1428 Hel.
1050 1363 1132 1428 1039
1147 1385 1261 1448 τετρα-

116 1463 220 1556 ζύγων
240 1467 331 1552 ὄχων,
354 1493 435 1558 quae
450 1471 654 1535 usitatissime
675 1471 891 1536 vehiculorum
912 1470 1052 1558 epitheta
1073 1470 1163 1556 quod
1186 1471 1253 1556 „de-

120 1578 297 1667 scriptivis“
311 1580 406 1643 molui
421 1599 515 1664 quem
532 1578 758 1663 „necessariiss
772 1578 1058 1644 insererefortcsse
1070 1579 1188 1664 estqui
1204 1579 1250 1642 cri·

116 1686 192 1751 mini
213 1687 289 1750 mihi
311 1695 422 1750 vertet.
466 1682 532 1750 Sed
553 1687 608 1749 vix
631 1686 670 1749 de
698 1684 867 1773 quadrigio
888 1706 1002 1750 revere
1025 1704 1154 1773 semper
1175 1687 1247 1772 cogi·

27 1798 28 1801 ’
115 1793 246 1858 tandum
278 1802 341 1875 est,
374 1793 430 1857 sed
461 1792 538 1857 nihil
560 1792 644 1856 aliud
666 1793 726 1856 illis
748 1802 893 1880 spectare
913 1801 1008 1878 poete
1030 1791 1177 1877 videtur,
1198 1794 1247 1858 nisi

116 1912 152 1967 ut
174 1924 269 1988 quem
290 1901 460 1965 fortissime
482 1901 580 1965 oculis
604 1900 738 1965 subiciet
758 1900 972 1965 vehiculorum
988 1901 1133 1986 ipsorum
1150 1901 1247 1986 imegi·

116 2033 191 2074 nem
203 2010 239 2093 ¹).
282 2007 402 2073 Verum
434 2009 461 2072 si
482 2010 608 2095 quaeris
637 2000 795 2093 τέτρωρος
826 2009 983 2095 significat
1003 2009 1214 2096 quadrupl''

118 2118 289 2206 allipctue3
321 2118 430 2202 itaque
460 2125 493 2181 et
524 2115 563 2180 de
585 2117 675 2202 equis
697 2116 877 2203 praedicari
896 2115 973 2180 illud
994 2125 1103 2205 potest
1121 2119 1246 2204 quadru-

101 2226 241 2312 pliciter
262 2226 365 2288 currui
383 2222 503 2309 junctis
525 2224 613 2309 (Hel.
635 2223 712 2310 723)
735 2233 767 2288 et
787 2224 826 2289 de
859 2247 952 2289 curru
974 2223 1015 2289 ed
1049 2245 1151 2311 equos
1182 2244 1247 2312 que·

120 2332 302 2420 drupliciter
316 2332 443 2417 alligato
459 2333 543 2417 (Alc.
557 2333 633 2417 483)
646 2333 680 2412 ἱ).
703 2369 740 2381 -
765 2333 816 2397 οο
830 2323 1003 2407 involucres
1024 2341 1056 2396 et
1069 2324 1248 2417 ἑπτάφθοχ·
1264 2421 1265 2425 ¹

118 2462 175 2525 χος
207 2440 276 2523 jem
311 2443 331 2521 ξ
366 2440 407 2505 39
438 2463 469 2525 p.
517 2441 576 2505 114
622 2435 776 2522 diximus,
821 2439 876 2504 ubi
929 2449 977 2504 est
1022 2440 1118 2505 etiem
1162 2432 1247 2529 gladii

117 2548 276 2635 epitheton
298 2541 502 2632 αἷμφίτομος;
524 2547 610 2634 quod
633 2548 716 2611 idem
738 2548 846 2612 hastae
860 2548 1009 2639 tribuitur
1032 2571 1040 2612 z
1061 2547 1163 2636 Hipp.
1180 2546 1246 2613 1375

117 2648 301 2740 c’prcplcouoe
329 2646 427 2741 λόχχη
460 2677 519 2719 nec
549 2655 777 2741 significatione
797 2655 924 2742 quidem
945 2656 985 2720 eb
1005 2655 1179 2722 Homerico
1199 2653 1245 2719 dif-

116 2762 179 2827 fert
200 2759 325 2845 ἔγχεσιν
346 2753 556 2848 ἀμφιγύοισιν
571 2766 624 2846 (Ν.
644 2763 722 2845 147),
745 2764 830 2849 quod
851 2764 928 2828 item
942 2765 1043 2830 hostie
1064 2763 1244 2852 anapesto

118 2872 213 2956 vulgo
246 2871 452 2959 explicant⁸).
474 2870 743 2959 —Aptissimum
766 2880 833 2935 -est
860 2871 995 2935 sontium
1026 2871 1242 2957 fluviorumque

116 2977 301 3042 attributum
333 2973 446 3052 ἀέναος
468 3001 475 3042 :
497 2977 573 3051 Jen.
607 2979 685 3045 118*
715 2974 775 3041 ταὲν
803 2973 915 3044 ἀέναον
946 2968 1068 3062 παχοὶνς
1105 3002 1135 3043 v.
1159 2969 1240 3046 1083‘

117 3077 236 3150 αἰενάων
257 3091 421 3166 ποταμῶν.
445 3123 479 3134 -
504 3085 557 3151 Ad
580 3094 756 3150 extremum
786 3108 877 3150 orcus
906 3076 1240 3174 nominatur-innatis

117 3193 176 3277 (H)
187 3193 215 3278 4)
237 3217 245 3258 :
267 3192 346 3282 Her.
360 3194 421 3258 fur.
436 3194 512 3278 4723
535 3193 591 3260 Or.
608 3195 685 3279 2733
700 3192 823 3258 Phoen.
841 3194 929 3278 1108,
951 3203 984 3258 ct
996 3195 1119 3259 funda:
1136 3195 1238 3258 Phoco.

119 3302 213 3384 11423
236 3300 276 3367 de
297 3301 373 3366 Jon.
394 3302 491 3386 214*;
514 3301 553 3365 cf.
576 3306 596 3384 5
617 3303 666 3368 72.

122 3516 318 3525 ————

186 3653 206 3720 ¹)
224 3653 322 3705 Eodem
336 3655 409 3720 June,
428 3669 479 3719 quo
497 3652 635 3730 rerpdopog
652 3660 680 3705 et
695 3647 851 3730 παράζυγας
877 3654 928 3705 huc
945 3651 1102 3716 rettulimus,
1120 3654 1192 3704 etism
1204 3651 1234 3704 rt

121 3743 239 3813 dpmnog
256 3739 387 3790 nonnullis
405 3739 476 3803 loeis,
494 3756 559 3805 quos
576 3739 603 3789 in
620 3743 636 3802 ᾖ
655 3745 694 3802 29,
715 3748 725 3790 1
746 3757 770 3806 p.
789 3745 821 3792 80
840 3739 1026 3806 proposuimus,
1044 3757 1076 3791 eo
1093 3746 1188 3791 tentum
1202 3747 1233 3784 vt·

117 3825 169 3875 lere
188 3826 341 3876 contendere
361 3824 438 3886 licet,
468 3831 497 3875 ut
514 3825 647 3876 alacritate
665 3831 692 3876 et
708 3825 796 3892 vigore
814 3826 914 3892 plenior
931 3826 976 3875 fiet
994 3824 1094 3889 oretio;
1111 3825 1149 3878 sic
1164 3816 1234 3886 suppl·

117 3913 164 3962 501
184 3916 334 3983 rtdpmrrov
352 3903 424 3990 ἅρμα
442 3909 623 3987 περιβαλοῦσα
639 3908 774 3991 χάσματι.

186 4002 208 4070 ²)
226 4005 371 4056 Secundum
388 4004 497 4072 epitheti
513 4010 614 4072 partem
630 4021 647 4056 ο
663 4005 749 4056 radice
767 4017 901 4078 ινοτπσιρ,
919 4013 954 4081 dp,
972 4012 1007 4080 lp,
1026 3999 1074 4082 dap
1091 4010 1189 4073 νομοῖο)
1210 3994 1235 4048 01

119 4090 188 4142 Ourt.
208 4090 264 4143 Gr.⁴
280 4106 305 4157 p.
324 4093 382 4144 356.

186 4183 208 4252 ⁸)
228 4185 267 4236 Cf.
286 4184 377 4237 Seileri
394 4185 497 4237 lexicon
515 4185 682 4238 Homericum
701 4202 721 4237 s.
740 4204 764 4238 v.
784 4182 922 4264 α’μφιχνας.

186 4276 208 4346 ⁴)
226 4278 303 4344 Apud
320 4279 463 4328 Homerum
481 4279 531 4330 hoe
549 4285 589 4331 est
607 4272 751 4345 Appollinis
769 4280 900 4346 epitheton
921 4281 963 4346 (A.
984 4285 1034 4346 14).
