2738 4830
581 429 802 494 -180-

121 606 295 674 Schmidtio
318 609 457 674 concedo
471 608 507 694 ¹),
528 619 751 697 praeterquam
766 609 852 697 quod
867 609 894 673 is
916 606 1129 674 Valckenario
1152 628 1253 672 assen-

119 717 196 779 titur
233 717 382 780 scribenti
415 740 445 781 ν.
478 716 557 781 821*
588 721 745 801 καταιονᾷ
764 718 824 797 μὲν
855 708 913 781 οὖν
933 711 1075 796 ἀβίωτος
1104 712 1181 797 dioc
1198 736 1254 801 pro

120 822 294 909 depravata
323 823 475 888 librorum
509 824 642 888 lectione
673 818 834 889 κατακονοὶ
864 823 926 906 μὲν.
957 811 1013 888 οὖν
1042 819 1179 904 ἄβλοτος
1198 823 1256 904 (sie

119 929 319 1010 Marcianus;
350 931 449 995 ceteri
480 924 633 1013 ἄβίιοοος)
665 931 751 1011 βίον.
795 931 848 996 Ex
881 932 941 995 hac
971 932 1056 996 enim
1078 930 1257 1023 conjectura

120 1036 196 1124 quid
217 1038 295 1102 lucri
309 1038 466 1103 redundet
479 1060 592 1125 parum
612 1039 780 1125 perspicio.
801 1037 963 1124 Equidem
976 1040 1021 1103 ita
1041 1039 1150 1124 potius
1164 1037 1256 1101 Euri·

117 1144 225 1231 pidem
247 1147 393 1233 scripisse
409 1145 619 1231 judicaverim
641 1168 649 1208 ε
672 1140 850 1209 κατακονᾶν
869 1145 927 1227 μὲν
946 1133 1003 1210 οὖν
1023 1140 1156 1226 α’βλονον
1176 1142 1256 1226 βίον,

116 1258 222 1318 κακοῖν
249 1257 275 1316 τ’
302 1254 374 1338 (pro
403 1252 446 1333 δ’)
474 1239 621 1327 circitor
642 1251 785 1336 πέλαγος
805 1247 938 1336 εἰσορῶ,
958 1253 992 1320 in
1013 1273 1076 1338 quo
1098 1242 1262 1317 κατακωᾶ

119 1355 293 1424 secundum
315 1360 503 1423 scholiastae
526 1359 769 1445 explicationem
790 1359 875 1424 volet
892 1350 1147 1445 massesoth,
1167 1353 1257 1439 α’βλο

117 1490 171 1531 τον
192 1477 297 1531 autem
320 1475 439 1531 statuta
460 1466 591 1552 epitheti
610 1466 796 1551 trajectione
808 1488 867 1553 pro
882 1456 1019 1547 ἄβιὸτοο
1040 1476 1088 1532 est
1109 1470 1254 1555 positum.

118 1575 214 1655 Quod
235 1577 261 1639 si
282 1583 373 1638 tenes
394 1567 551 1638 rusurensi
572 1568 704 1652 sillictus
717 1569 792 1655 βίον
813 1574 894 1658 (sive
911 1564 1052 1656 α’βιόιον
1070 1573 1162 1660 βίον)
1177 1577 1253 1642 ναοί·

118 1682 207 1748 da‘um
222 1684 311 1748 citae·
325 1682 495 1767 significat,
516 1703 596 1767 quoe
609 1681 666 1747 λοο
685 1683 756 1768 epac
776 1681 845 1746 οπλα
864 1705 928 1746 uon
943 1683 1016 1770 jam
1035 1683 1078 1748 ait
1097 1684 1120 1749 ιζ
1143 1706 1167 1748 e.
1182 1707 1250 1770 per·

116 1791 235 1875 fectum
254 1792 339 1855 uitae
359 1788 537 1871 excidium
560 1810 743 1874 comparare
757 1791 855 1874 igitur
868 1789 953 1853 huuc
972 1790 1078 1855 locum
1099 1791 1175 1855 licet
1187 1813 1250 1855 eum

119 1899 238 1964 Troad.
274 1899 372 1963 1292*
406 1895 488 1964 ᾰδὲ
508 1889 730 1981 μεγαλόπολις
750 1886 869 1973 ἄπολις
888 1891 1010 1962 «tram
1039 1900 1107 1964 aa.
1130 1913 1165 1965 ut
1183 1899 1250 1964 urbs

118 2031 181 2071 ooo
199 2006 269 2093 jum
290 2019 366 2071 esset
393 2008 423 2070 λ.
453 2030 477 2071 c.
499 2006 649 2088 funditus
669 2028 777 2070 caereo
799 2018 863 2086 est,
896 2005 950 2070 ubi
980 2009 1058 2071 item
1078 2008 1249 2094 proleptico

118 2113 353 2199 quodammodo
371 2135 467 2178 sensu
488 2114 653 2202 epitheton
673 2123 858 2200 usurpatum
880 2113 976 2199 est³).

199 2220 364 2308 Perpauca
378 2244 463 2286 nunc
478 2223 617 2309 epitheta
630 2223 767 2309 profero,
789 2221 951 2308 inquibus
966 2222 1140 2287 nominalia
1159 2242 1249 2286 mem·

117 2327 174 2392 bra
204 2329 232 2392 si
260 2350 325 2393 non
346 2331 480 2393 eandem
509 2339 543 2393 at
573 2329 707 2393 similem
735 2339 819 2394 certe
850 2329 1039 2393 sententiam
1060 2328 1197 2412 habent,
1219 2349 1250 2392 ac

116 2436 324 2519 substantiva,
347 2437 463 2523 quibus
484 2438 554 2523 ipsa
574 2445 647 2501 sunt
667 2436 784 2500 addita.
826 2432 899 2512 Quo
921 2437 953 2500 in
975 2457 1095 2520 genere
1124 2434 1250 2500 Weilius

111 2545 179 2628 jam
201 2548 309 2609 monet
329 2538 451 2629 ἄλυρον
472 2535 560 2629 ἀμφὶ
579 2548 705 2622 μοῦσαν
718 2542 839 2608 Phoen.
856 2543 962 2626 1028*,
985 2543 1041 2607 uhi
1055 2540 1095 2607 de
1109 2543 1249 2629 Sphinge

114 2654 229 2737 agitur,
250 2653 334 2717 idem
357 2653 471 2734 valere,
493 2650 580 2738 quod
601 2644 743 2732 ἄμουσον
764 2644 851 2735 ἀμφὶ
871 2651 1009 2734 μοῦσανς
1030 2650 1070 2715 ef.
1086 2649 1161 2715 Hel.
1179 2651 1249 2715 185*

113 2755 240 2844 οἰκτρὸν
268 2750 391 2839 ὅμαδον
418 2756 547 2843 ἔκλυον,
579 2754 698 2845 ἄλυρον
719 2753 827 2844 ἔλεγον
848 2768 881 2822 et
900 2757 933 2824 J.
957 2757 996 2822 T.
1021 2759 1099 2825 146*
1120 2749 1250 2846 ἀλύροις

114 2861 237 2950 ἐλέγοις
264 2870 399 2952 thracae,
428 2892 450 2932 α
470 2868 584 2954 quadus
604 2867 727 2932 alicnus
757 2881 802 2932 eat
822 2867 911 2954 lyrae
931 2879 1097 2933 concauus
1116 2868 1139 2932 λ
1161 2890 1186 2933 α.
1206 2868 1249 2932 ἰο-

112 2974 242 3058 faustis.
286 2974 460 3040 Manifesto
482 2985 588 3040 autem
609 2996 722 3039 sensus
743 2975 842 3040 claret
873 2975 1043 3038 verborum
1064 2965 1249 3054 ἀμουσοτά-

113 3104 202 3146 ταισι
222 3077 279 3146 οὐν
300 3073 403 3165 φ’δαῖς
423 3082 546 3148 Phoen.
569 3082 649 3148 808*
671 3082 783 3165 (schol.
805 3104 814 3145 ε
837 3085 967 3162 κακαῖς,
990 3076 1173 3166 αόαφέοιν,
1193 3077 1249 3167 α’ρ-

113 3183 184 3252 dior
198 3183 301 3255 οιιένό
313 3180 607 3276 adveherentur
617 3181 764 3275 alvom).
782 3189 836 3256 Ad
852 3200 1028 3254 extremum
1043 3190 1107 3255 huc
1120 3190 1249 3255 fortoaae

185 3388 206 3456 ¹)
223 3391 241 3440 l.
259 3407 281 3442 c.
299 3407 324 3458 p.
343 3394 383 3443 39.

183 3482 205 3551 ³)
221 3486 398 3551 Repetendum
422 3487 472 3537 hoc
489 3491 529 3537 est
546 3485 664 3537 aradios
687 3481 720 3542 ἀι
737 3486 819 3550 (curt
838 3485 894 3538 Gr.⁴
914 3488 982 3554 130),
999 3503 1059 3550 non,
1077 3492 1108 3538 ut
1124 3487 1249 3556 Hartung·

114 3571 156 3621 ius
182 3575 216 3634 (a
234 3571 263 3637 1.)
282 3571 381 3634 voluit,
409 3587 425 3621 a
449 3577 535 3627 uulua.
571 3556 673 3622 Similia
698 3572 861 3622 substantiva
889 3588 1045 3638 quamquam
1063 3581 1167 3640 praesto
1192 3573 1250 3625 mihi

113 3673 165 3706 non
191 3662 267 3719 sunt,
285 3657 414 3724 adjectivo
439 3664 526 3708 tamen
548 3650 778 3732 upon-o-vp-rt-rp'
810 3659 856 3723 (se.
875 3659 966 3733 τέχνῃ)
985 3659 1050 3709 Pha
1069 3659 1146 3712 Polit
1166 3664 1251 3716 282ss

113 3743 191 3792 otiam
208 3739 310 3819 apoaivq
326 3744 515 3794 substantivum
532 3743 639 3795 texendi
655 3745 782 3795 actionem
801 3744 949 3811 significans
967 3744 1105 3811 aliquando
1123 3746 1249 3798 exstitisse

113 3829 177 3880 sads
193 3831 322 3896 probatur.

182 3922 205 3990 ³)
223 3925 376 3991 Corruptela
400 3924 437 3975 ita
462 3925 567 3977 videtur
585 3932 640 3977 orta
657 3943 728 3990 esse,
755 3933 786 3979 ut
803 3926 932 3978 exstincta
948 3924 1091 3976 womatiri
1108 3921 1249 3983 mamis

113 4015 174 4060 anto
198 4033 218 4087 μ
243 4009 331 4062 littora
346 4032 361 4065 ν
379 4004 492 4085 ἀβίοτον
509 4012 601 4063 deinde
618 4012 646 4063 in
665 4007 777 4088 ἆβιιης
794 4017 951 4073 mutuatum
978 4025 1049 4063 nuuc
1066 4027 1130 4065 vero
1147 4013 1248 4065 verbam

113 4095 319 4158 desiderabatur,
345 4112 423 4162 quam
441 4096 474 4148 ob
499 4112 605 4149 causam
620 4097 690 4149 idem
712 4099 757 4151 ille
774 4099 914 4151 scholiasta
929 4100 1064 4173 κατέλαβε
1079 4099 1249 4166 supplendum

113 4197 170 4232 esse
187 4183 251 4242 vult,
270 4182 339 4248 quod
356 4198 433 4248 quam
450 4183 568 4250 ineptum
585 4183 619 4236 sit
636 4184 814 4250 unnsquisque
832 4182 969 4250 intellegit

181 4274 204 4342 ⁴)
223 4276 261 4326 Cf.
278 4275 357 4327 etism
375 4271 441 4347 ἄτας
458 4271 623 4353 α’χοροῦςανς
640 4278 732 4329 Troad.
748 4277 828 4341 122*,
847 4280 1005 4333 calamitates
1019 4277 1119 4332 m
1135 4295 1188 4332 m
1210 4295 1245 4330 et·

112 4361 249 4414 λολνοοᾰοι
265 4364 283 4412 λ
300 4381 321 4415 a
338 4364 426 4417 mus.
