2738 4830
569 413 791 480 -119—

109 592 250 659 secunda
269 594 411 660 membra
431 597 586 680 integram
610 595 799 681 simplicium
831 595 965 660 formem
987 596 1156 680 exhibent,
1189 599 1250 661 usi-

110 711 210 766 tatum
259 702 401 786 gentium
448 703 611 790 epitheton
660 713 709 769 est
750 702 934 790 φίλιππος,
988 704 1073 791 quod
1124 715 1250 791 praeter

110 808 270 896 Trojanos
303 811 337 893 (ξ
358 810 413 894 39)
445 811 538 875 etiam
572 810 612 876 de
634 810 813 877 Thracibus
836 810 1035 898 praedicatur
1057 835 1064 875 :
1086 811 1167 876 Hoc.
1188 813 1250 876 428

110 916 163 1001 (cf.
187 939 217 981 v.
239 916 259 981 9
279 913 447 998 φίλιππον
479 912 556 983 λοόν
588 912 737 982 εδθδνων
768 918 856 1006 δορί)
890 929 921 984 et
943 920 982 983 de
1004 920 1249 984 Amazonibus:

110 1023 209 1112 Hipp.
231 1024 311 1090 581*
331 1022 501 1109 φιλίππου
523 1029 605 1102 παῖς
627 1015 809 1109 Ἀμαζόνος.
835 1064 869 1076 -
895 1026 1133 1093 Consuetudine
1153 1026 1250 1092 borni·

110 1154 185 1197 num
215 1141 376 1211 veterum,
406 1155 446 1198 ex
478 1136 595 1220 quain
618 1133 870 1200 Bacchanalibus
892 1133 1010 1199 hedera
1031 1136 1092 1222 ipsi
1114 1135 1251 1199 coronati

111 1249 210 1324 erant,
226 1240 344 1305 Bacchi
359 1241 547 1326 significatio
564 1242 740 1330 explicatur
754 1235 1031 1328 φιλοκιοσοφόρος
1046 1266 1053 1307 :
1070 1243 1158 1330 Oyol.
1173 1243 1252 1309 620*

109 1343 161 1413 ιδν
181 1340 456 1435 φιλονιοοοφόρον
473 1341 618 1434 Βρόμιον
638 1352 658 1417 i.
679 1372 706 1414 e.
721 1350 916 1440 λιδινιμινοο
936 1365 1101 1432 amantem,
1123 1373 1197 1431 non,
1219 1359 1254 1414 ut

109 1456 289 1524 Schirlitzio
302 1457 327 1541 ¹)
359 1458 479 1545 placet,
511 1457 671 1540 φιλοῦντα
691 1455 729 1523 ιδ
757 1462 974 1544 κιυοοφορεῖν.
1018 1458 1068 1522 De
1091 1458 1252 1522 hominum

107 1574 202 1629 coetu
224 1564 339 1631 festum
362 1563 457 1629 Pacis
480 1564 563 1629 diem
585 1564 811 1630 celebrantium
827 1566 945 1631 dietum
963 1566 1089 1631 videtur
1102 1566 1251 1648 φιλουιέ-

105 1694 208 1760 φανοι
217 1677 317 1753 κῶμοι
331 1673 392 1760 lrg.
407 1672 512 1750 46218.
540 1673 791 1760 „Descriptivis“
804 1697 868 1739 non
884 1672 992 1739 dubito
1003 1673 1143 1738 inserere
1158 1675 1251 1737 etiam

105 1772 322 1870 φιλόμαμοςτ
356 1780 390 1847 J.
426 1783 465 1845 A.
501 1783 581 1847 392*
612 1779 644 1847 ol
672 1770 852 1869 φιλόγαμοι
886 1788 1082 1869 μιροιῆρες;
1118 1782 1252 1845 certissi-

104 1911 196 1954 mum
218 1898 324 1954 autern
346 1900 395 1953 est
416 1887 586 1977 φίλαυλος,
608 1889 693 1975 quod
715 1889 755 1954 de
781 1889 930 1977 delphino
953 1911 1023 1954 cum
1046 1897 1141 1976 poeta
1161 1909 1252 1975 prae·

108 1996 197 2061 dicat
218 2019 225 2060 :
249 1995 299 2060 El.
326 1999 406 2063 435*
432 1992 451 2061 ό
471 1993 632 2082 φίλαυλος
655 1996 772 2084 δελφίς
792 1998 842 2063 cui
863 2021 925 2062 non
946 2000 980 2062 in
1000 2008 1140 2062 mentem
1161 2006 1254 2062 vocat

108 2105 328 2186 suamssimas,
351 2125 433 2189 quse
463 2103 502 2169 de
524 2107 645 2171 Arione
666 2106 859 2188 ferebantur,
882 2107 1134 2171 narratiunculas
1158 2104 1252 2188 (Her.

107 2211 204 2294 123,
228 2211 294 2279 Cic.
316 2211 411 2277 Tusc.
435 2211 546 2294 1127,
574 2215 657 2298 67)?
683 2251 717 2262 -·
741 2213 793 2278 Ad
817 2225 994 2279 extremum
1016 2215 1136 2278 cithara
1157 2234 1253 2300 quem

110 2329 185 2406 apte
207 2314 387 2385 nominetur
409 2308 587 2406 φιλόχορος
608 2342 616 2383 ι
637 2321 670 2389 J.
694 2324 733 2384 A.
759 2322 856 2386 1037*
876 2343 971 2386 nemo
1002 2343 1065 2386 non
1088 2322 1253 2407 intellegit.

192 2426 269 2493 Jem
301 2427 342 2492 ad
374 2427 513 2514 epitheta
544 2438 687 2511 transeo,
710 2450 845 2514 quorum
865 2429 1018 2494 recedunt
1039 2428 1184 2494 membra
1205 2451 1253 2493 se·

111 2536 215 2600 cuude
244 2534 387 2600 aforma
419 2535 607 2622 simplicium
627 2538 752 2602 usitata.
796 2537 870 2603 Huc
891 2539 1027 2624 primum
1049 2537 1112 2602 duo
1134 2537 1253 2601 Bacchi

111 2639 263 2708 attributa
294 2643 398 2709 refero
430 2668 438 2708 ε
468 2636 675 2729 φιλοίνθεμος
706 2639 877 2728 (δίνδεμον)
900 2669 908 2709 ι
929 2647 990 2730 frg.
1022 2646 1084 2711 888
1118 2640 1255 2724 Βακχίον

111 2743 315 2836 φιλοίνδομον
348 2789 385 2800 ·-
420 2763 453 2816 et
484 2740 691 2838 φιλόδαφνος
724 2744 892 2839 (δυ’φνη)ε
923 2753 986 2838 frg.
1017 2753 1080 2818 480
1111 2748 1254 2816 δέσποτα

112 2851 297 2944 φιλόδαφνο
313 2850 430 2941 Βάκχε.
454 2897 489 2908 -
515 2861 566 2925 De
581 2854 790 2949 φιλόρμαεος
811 2866 831 2944 ξ
852 2862 893 2927 39
914 2883 944 2948 p.
963 2862 1022 2926 114
1034 2862 1191 2946 inspicias.
1216 2896 1250 2906 -

114 2966 290 3054 Sigmatica
324 2977 398 3032 sunt
418 2989 429 3033 .·
450 2967 623 3055 δεξίμηλος
657 2969 802 3055 (μῆλον),
840 2970 925 3056 quod
947 2971 1091 3056 apposite
1113 2969 1153 3033 ad
1175 2979 1252 3031 tem-

113 3076 237 3162 plorum
259 3084 291 3139 et
312 3097 437 3140 ararum
451 3077 548 3141 finem
569 3077 674 3142 animo
689 3086 744 3142 tuo
759 3077 1000 3163 proponendum
1024 3077 1137 3141 dicitur
1152 3075 1251 3140 Andr.

116 3183 191 3248 129*
212 3179 383 3270 δεξίμηλον
403 3176 502 3265 δόμον
521 3190 580 3259 τοῖς
600 3184 734 3260 πονιίας
755 3189 857 3268 θεοῦς
879 3207 909 3249 v.
934 3184 1013 3251 1138
1033 3184 1148 3265 βωμοῦ
1169 3181 1252 3264 δεξί-

112 3291 211 3378 μηλον
231 3282 388 3377 ἐσχολρανς
416 3291 537 3356 Phoen.
558 3293 639 3358 632*
660 3297 749 3358 θεῶν
769 3290 911 3378 δεξίμηλ’
931 3282 1121 3376 ἀγάλματος
1144 3291 1253 3355 similis

113 3409 160 3463 est
191 3400 278 3464 vocis
310 3396 491 3484 δεξίπυρος
521 3401 622 3484 (πῦρ)
655 3401 798 3464 condicio
831 3399 943 3487 Suppl.
976 3399 1035 3464 64*
1055 3392 1253 3483 δοξιπόρους

113 3511 199 3570 δυοῖν
219 3505 382 3592 θυμέλας)
405 3545 440 3555 -
466 3504 676 3582 παυοίλυπος
697 3497 816 3594 (λύπη)
839 3531 846 3571 :
870 3505 985 3571 Bacch.
1008 3506 1069 3570 772
1092 3500 1150 3592 τήν
1171 3526 1252 3570 που·

114 3612 249 3680 υίλυπον
257 3608 421 3700 όμπελον;
434 3653 468 3664 -
479 3614 783 3703 δελξίφρωνξ39ρ.
795 3615 874 3699 113;
888 3653 922 3663 -
935 3603 1253 3699 λυσιμελής(μίλος),

113 3724 261 3805 unicum,
296 3724 380 3809 quod
411 3735 506 3811 poeta
537 3733 647 3789 noster
679 3745 749 3788 cum
777 3723 919 3788 Homero
952 3744 1117 3787 commune
1138 3721 1253 3801 beba13
1343 3778 1344 3781 ,

116 3830 173 3895 sed
208 3830 260 3895 hic
289 3852 399 3895 somno
428 3831 506 3895 illud
538 3830 679 3896 attribuit
710 3834 753 3912 (υ.
775 3832 826 3913 bl,
848 3844 885 3919 ψ.
907 3831 1000 3914 343),
1021 3831 1074 3894 ille
1094 3830 1127 3894 id
1145 3831 1254 3893 mortis

114 3960 184 4003 esse
205 3937 368 4026 epitheton
389 3939 489 4004 voluit
510 3961 518 4002 ι
541 3939 653 4027 Suppl.
674 3940 733 4005 47*
756 3933 891 4024 θανόιφ
913 3937 1091 4022 λυσιμελεῖ.
1198 3972 1201 3979 ·

184 4259 206 4328 ¹)
222 4261 240 4312 1.
258 4277 280 4312 c.
298 4278 323 4328 p.
343 4265 383 4314 81.
