2738 4830
172 1683 311 1760 Notum
342 1699 397 1759 est
434 1712 500 1760 sua
533 1685 610 1761 fata
644 1686 782 1763 habere
815 1686 964 1764 libellos
997 1713 1065 1762 nec
1090 1688 1213 1788 ipsum

75 1834 196 1883 meum
223 1808 292 1884 hoc
320 1811 535 1910 opusculum
550 1813 735 1888 communi
761 1813 831 1886 hac
851 1813 937 1911 lege
963 1824 1018 1887 est
1043 1813 1214 1889 solutum.

74 1933 230 2029 Nescio,
267 1961 341 2034 quo
369 1934 509 2032 judicio
543 1936 614 2011 viri
653 1936 749 2013 docti
776 1936 869 2011 illud
895 1937 1080 2037 accepturi
1107 1938 1214 2012 sint:

75 2069 197 2132 utrum
224 2058 492 2159 vituperatione
516 2061 632 2160 magis
660 2061 794 2161 dignus
820 2060 969 2155 videar,
1003 2060 1104 2162 quod
1130 2088 1216 2161 pro·

74 2183 185 2259 misso
223 2210 297 2259 non
336 2183 383 2260 ab
423 2188 522 2261 omni
556 2199 659 2284 parte
698 2185 957 2280 satisfecerim,
997 2212 1044 2259 an
1094 2185 1215 2282 laude,

74 2306 174 2407 quod
212 2308 260 2383 ab
299 2309 529 2409 expedienda
564 2323 686 2386 tantae
712 2311 965 2412 amplitudinis
1000 2311 1215 2411 quaestione

74 2459 148 2508 non
162 2432 374 2508 destiterim.
415 2434 642 2511 Libellomm
668 2449 789 2509 autem
816 2435 891 2508 fata
916 2437 1091 2535 quoniam
1117 2448 1215 2511 certe

74 2584 149 2633 non
174 2558 292 2657 magis
328 2584 374 2632 ex
415 2584 540 2632 eorum
568 2559 756 2633 sententiis
791 2573 1074 2659 cognoscuntur,
1100 2587 1214 2660 penes
1291 2648 1301 2669 ·

74 2708 168 2782 quos
206 2683 426 2780 intellegens
463 2695 518 2758 est
550 2683 597 2757 de
632 2685 785 2757 materia
810 2685 999 2783 proposita
1023 2685 1215 2781 judicium,

72 2833 184 2907 quam
217 2833 264 2882 ex
298 2808 438 2900 causis,
473 2808 608 2908 quibus
635 2810 705 2909 ipsi
730 2835 833 2883 suam
860 2808 998 2883 debent
1021 2809 1214 2909 originem,

73 2933 200 3033 paucis
216 2932 434 3029 describam,
448 2960 522 3034 qua
535 2934 676 3008 ratione
696 2933 764 3010 hoc
782 2933 998 3034 opusculum
1018 2944 1138 3007 ortum
1157 2934 1213 3008 sit.

172 3057 290 3131 Annis
327 3058 461 3133 abhinc
488 3058 632 3134 duobus
668 3085 700 3131 a.
727 3058 762 3132 d.
788 3057 833 3131 V.
859 3056 912 3130 ld.
940 3057 1028 3132 Jun.
1064 3057 1112 3132 ab
1139 3084 1215 3133 am-

69 3182 236 3281 plissimo
280 3182 586 3283 philosophorum
639 3184 767 3259 ordine
819 3181 987 3258 Gissensi
1047 3183 1214 3281 quaestio

68 3307 259 3406 proposita
280 3319 357 3380 erat
375 3306 538 3406 praemio
572 3307 723 3406 publico
757 3305 970 3383 exornanda
996 3309 1058 3394 „de
1090 3309 1214 3403 epithe-

70 3441 178 3504 loram
197 3440 449 3527 compositorum
473 3458 538 3504 aaa
567 3435 784 3528 Euripideo“.
838 3431 881 3504 ln
915 3431 1011 3504 hanc
1037 3456 1095 3504 me
1133 3429 1214 3504 dili-

70 3556 218 3653 gentius
255 3556 465 3655 inquirendi
500 3556 693 3630 consilium
733 3555 873 3655 cepisse
924 3580 1007 3629 cum
1052 3554 1213 3631 Vilelmo

71 3678 263 3773 Olemmio,
289 3681 518 3780 praeceptori
545 3679 793 3770 dilectissimo,
826 3679 1013 3773 dixissem,
1041 3679 1212 3753 eximiam

71 3805 168 3904 ejus,
205 3831 315 3905 quam
349 3831 543 3900 noveram,
582 3805 848 3905 benignitatem
884 3804 1050 3879 laborem
1090 3829 1212 3877 meum

69 3930 222 4007 consilio
268 3929 541 4006 sublevaturam
581 3957 659 4005 esse
708 3957 875 4030 sperans,
913 3930 944 4003 is
986 3957 1061 4005 non
1093 3927 1212 4001 solum

70 4055 241 4131 secundis
281 4055 432 4129 auribus
471 4054 780 4155 interrogationes
816 4080 915 4128 meas
951 4053 1112 4152 accepit,'
1148 4050 1212 4126 sed

69 4206 214 4256 summa
228 4180 335 4253 etiam
356 4179 578 4254 liberalitate
605 4205 701 4279 quae
726 4206 771 4254 ex
807 4178 983 4278 Aeschyli
1009 4189 1046 4252 et
1073 4177 1213 4251 Aristo·

70 4305 203 4406 phanis
217 4302 353 4379 fabulis
367 4305 446 4404 jam
466 4316 575 4379 antea
599 4305 761 4404 epitheta
777 4305 986 4404 composita
996 4301 1212 4401 transscrip-
