2738 4830
575 447 801 513 -177-

117 622 297 690 vestimenti
323 625 409 689 notia
431 622 509 690 Her.
538 627 597 690 fur.
618 629 698 693 414*
727 625 862 694 πέπλων
887 619 1116 714 χρυσεόστολον
1137 624 1253 718 φάρος,

116 733 148 795 in
171 753 233 818 quc
267 732 333 795 sive
360 753 510 798 concessa
540 735 607 799 sive
627 738 745 822 rejecta
767 736 895 822 epitheti
917 738 1104 823 trajectione
1124 741 1254 805 alterius

117 848 203 903 certe
233 841 366 903 membri
396 841 589 908 abundantia
621 843 788 908 statuenda
820 852 877 908 est.
918 844 1009 909 Haec
1031 845 1143 911 eadem
1164 870 1253 934 prae-

115 955 203 1010 terea
224 945 392 1010 manifesta
423 957 470 1010 est
492 947 553 1033 frg.
584 950 626 1016 53
658 939 908 1035 περισσύμυθος
937 945 1029 1035 λόγος
1066 953 1121 1036 (cf.
1155 953 1252 1042 Soph.

116 1052 166 1116 El.
191 1054 269 1118 1288
290 1050 332 1119 τά
369 1052 428 1135 μὲν
448 1050 683 1138 περισσεύοντα
702 1063 767 1121 ταῖν
786 1048 888 1140 λόγων
907 1053 1020 1141 άῳες);
1041 1097 1082 1107 -
1102 1059 1152 1127 El.
1176 1061 1254 1126 732*

113 1157 212 1246 φλογὶ
233 1152 392 1245 θεοπύρῳ
413 1163 433 1226 i.
456 1184 483 1226 e.
499 1161 600 1246 θείῳ;
621 1201 662 1212 -
683 1164 740 1231 Or.
756 1167 818 1232 846
841 1169 997 1246 θεομανεῖ
1015 1157 1117 1252 λύσσῃ
1139 1164 1255 1247 δαμείς

116 1267 170 1350 (cf.
194 1265 291 1353 Soph.
316 1269 367 1354 Aj.
394 1271 450 1334 611
487 1269 569 1357 θείῳ
589 1270 721 1359 μανίῳ);
747 1309 780 1321 -
806 1271 924 1336 Troad.
949 1275 1026 1337 112*
1053 1274 1253 1357 βαρυδαίμο-

114 1396 167 1451 νος
188 1369 327 1462 άρθρων
339 1373 475 1454 κλίσεως
484 1380 503 1441 i.
516 1399 543 1441 e.
556 1378 712 1463 δαρείαςς
733 1417 765 1427 -
782 1379 908 1443 Heracl.
924 1381 985 1445 819
1006 1372 1188 1462 μονομάχου
1210 1383 1254 1448 δι’

115 1476 380 1558 άσπίδοςεδανολ
400 1485 645 1573 Εύυαελλσπῳγς
668 1509 804 1573 namque
827 1476 939 1568 άσπύς,
961 1496 997 1552 ut
1018 1486 1138 1552 Phoen.
1164 1491 1253 1574 1326,

114 1613 256 1677 pugnam
284 1592 336 1655 hic
356 1593 523 1677 significat.
567 1591 660 1657 Addo
682 1593 860 1658 Hermanni
892 1595 1106 1680 conjecturam
1129 1591 1254 1678 άνέμαιν

113 1690 305 1783 ηδυπνύοισι
327 1704 441 1776 πνοαῖς
461 1698 546 1765 Med.
570 1701 657 1784 838*,
680 1703 734 1788 qui
756 1703 842 1767 locus
864 1711 912 1766 est
934 1702 1197 1789 corruptissimus.

197 1807 315 1872 Perse
337 1808 566 1874 consideranda
594 1821 667 1874 sunt
688 1812 786 1874 verba
806 1805 970 1897 πορθμός,
1005 1798 1026 1874 ά
1047 1806 1105 1875 διά
1125 1801 1254 1875 πόντιον

115 1910 190 1996 κῦμ’
220 1910 394 1980 άλλκτυπον
422 1907 528 1996 άλμας
556 1908 739 2000 ἐπόρευσας
770 1914 849 1998 ἐμάν
880 1908 1022 1984 άνασσαν
1043 1917 1140 2005 Hipp.
1164 1918 1252 2000 teet

114 2022 168 2087 ubi
190 2024 285 2087 maris
316 2024 475 2088 notionem
503 2025 736 2090 animadvertas
773 2026 905 2090 mirifice
928 2025 1138 2109 cumulatam3
1161 2048 1251 2090 acce-

114 2131 168 2213 dit,
191 2130 276 2216 quod
296 2133 379 2195 inter
400 2153 502 2218 pauca
524 2132 583 2200 boc
614 2133 795 2218 exemplum
816 2132 1018 2198 referendum
1048 2143 1109 2215 est,
1140 2133 1253 2218 quibus

113 2239 227 2326 prioris
248 2239 380 2304 membri
404 2238 598 2305 abundantia
612 2240 797 2322 exhibetur;
819 2241 898 2305 haec
913 2241 996 2304 enim
1011 2250 1138 2328 praeter
1152 2239 1251 2327 Hipp.

115 2347 192 2412 1161
231 2348 265 2430 (ξ
294 2347 347 2430 74)
391 2369 454 2411 non
490 2348 627 2411 occurrit
676 2348 735 2411 nisi
772 2347 893 2412 Phoen.
936 2348 1013 2413 186*
1047 2338 1251 2428 αἰχμαλώτι-

113 2454 175 2528 δας
196 2446 269 2540 δορὶ
299 2452 446 2539 Θηβαίας
481 2463 513 2519 et
533 2454 612 2518 Hec.
651 2456 728 2520 103*
761 2446 861 2540 δούλη
889 2443 1002 2541 λόγχης
1023 2450 1125 2543 αἰχμῇ
1147 2454 1247 2540 δορι-

113 2552 269 2646 θὴρατος,
292 2583 482 2649 quamquam
505 2564 536 2625 in
559 2562 606 2626 his
628 2562 766 2626 secunda
780 2563 922 2626 membra
940 2584 1003 2625 non
1020 2585 1089 2627 cum
1113 2564 1251 2649 ipsorum

114 2669 323 2756 epithetorum
354 2671 552 2753 nominibus,
585 2669 640 2734 sed
673 2692 744 2734 cum
767 2669 834 2733 aliis
855 2671 1008 2733 enuntiati
1043 2669 1251 2733 substantivis

115 2786 303 2864 congruunt.
330 2816 362 2826 -
388 2777 441 2841 De
462 2777 534 2842 Hel.
559 2777 618 2843 154
645 2774 679 2841 ἐν
700 2779 815 2861 φοναῖς
836 2766 1051 2862 θηροκτόνοις,
1073 2776 1170 2840 Rhea.
1192 2777 1254 2842 606

114 2880 320 2971 καρατόμους
350 2875 478 2971 σφαγάς
516 2886 618 2966 581,
655 2884 694 2949 de
726 2883 799 2948 Hel.
820 2883 900 2950 354*
920 2874 1106 2967 ξιφοκτόνον
1126 2873 1254 2966 διιύγμα

113 2997 134 3075 ξ
154 2995 196 3060 86
215 2995 374 3080 inspicias.

197 3103 305 3169 Pauca
335 3111 455 3168 restant
483 3101 623 3188 epitheta
644 3123 777 3187 quorum
800 3099 940 3164 secunda
961 3098 1105 3163 membra
1125 3107 1254 3187 propter

114 3210 481 3275 sensumcumcnuntiati
489 3210 579 3275 verbo
588 3210 806 3274 concinentem
814 3207 908 3294 plane
918 3205 1255 3293 abundant31eguntur

114 3317 231 3384 Troad.
252 3319 332 3383 449*
352 3306 517 3404 φάραγγες
536 3310 631 3382 ύδατι
651 3306 819 3402 χειμάρρῳ
840 3312 972 3402 ῥέουσαι
993 3315 1013 3377 i.
1029 3333 1055 3377 e.
1077 3308 1252 3399 χειμερλῳς

114 3465 154 3475 -
176 3425 274 3491 Rhea.
297 3426 377 3490 712*
401 3421 572 3511 ῥακοδύτῳ
600 3423 699 3509 στολᾷ
720 3418 904 3497 πυκασθείς
924 3423 944 3485 i.
967 3442 993 3485 e.
1016 3417 1192 3506 ῥακοέοσῳ;
1217 3457 1251 3468 -

112 3534 190 3601 Jon.
212 3535 291 3601 884*
313 3525 386 3615 άχεῖ
399 3525 515 3614 ύμνους
530 3522 716 3617 εὐαχήτους,
737 3534 757 3595 i.
774 3553 801 3596 e.
817 3526 916 3615 ἡδεῖς.
949 3530 1116 3594 Accedunt
1138 3529 1253 3594 Bacch.

115 3644 195 3708 1096
226 3638 394 3727 χερμάδας
424 3632 656 3729 κραταιβόλους
687 3634 842 3725 ἔρριπτον
877 3639 896 3702 i.
919 3659 946 3701 e.
970 3641 1134 3722 κραταιοῖς
1161 3645 1262 3715 —et

112 3773 143 3814 v.
177 3753 254 3816 1111
285 3746 490 3837 χαμαιπετὴς
518 3746 636 3815 πίπτει
666 3742 756 3835 πρός
775 3735 874 3822 οὖδας
895 3746 914 3810 1.
939 3767 966 3810 e.
1002 3740 1115 3827 χαμαί.
1158 3743 1254 3810 Ultra

111 3857 242 3922 modum
275 3858 409 3923 cadendi
441 3858 529 3923 notio
561 3857 750 3942 conglobata
780 3864 829 3919 est
858 3854 961 3919 Andr.
993 3853 1055 3919 653
1085 3839 1255 3936 πεσήματα

112 3965 247 4031 πλεῖσθ’
266 3957 423 4041 Ἑλλάδος
443 3963 596 4032 πέπτωκε
617 3966 773 4052 δοριπετῆ
790 3967 916 4048 νεκροῖν,
938 3962 993 4026 ubi
1011 3961 1135 4026 dativus
1151 3960 1252 4024 solum

112 4076 219 4161 priore
242 4076 384 4140 membro
416 4075 555 4139 inclusus
587 4076 669 4139 verti
700 4080 815 4160 potest.
869 4070 954 4134 Item
985 4069 1048 4163 buc
1092 4069 1255 4154 pertinent

112 4183 216 4248 Andr.
250 4185 328 4250 106*
348 4171 619 4269 tacitatacita
639 4199 676 4246 σι
688 4173 792 4265 ’Ἀρης
822 4185 854 4241 et
873 4175 959 4240 Mad.
981 4175 1042 4241 277
1064 4165 1256 4258 πανύληςὴ

110 4282 235 4356 τάλαιν’
257 4281 454 4370 άπόλλυμαι.
497 4290 550 4354 De
572 4288 693 4352 Phoen.
715 4286 794 4353 293*
814 4287 998 4369 γονυπετεῖς
1020 4279 1123 4449 {piper
1144 4301 1256 4366 rspon-
