2738 4830
570 450 842 514 ,190-

164 634 216 716 (P.
227 632 313 714 424),
328 629 492 718 Νεστορέῃ
508 624 601 713 nepe?
614 625 674 716 σηΐ
687 629 740 714 (B.
755 629 831 711 54);
855 626 991 714 Γοργείη
1012 619 1140 716 κεφαλή
1155 628 1208 712 (Ε.
1223 628 1295 709 741)

164 762 223 826 pro
252 730 367 803 νόστου
396 725 492 822 ἦμαρ,
525 728 659 822 σιδήρου
688 727 888 821 ὀρυμαγδός,
921 736 1086 821 Νέστορος
1115 729 1211 822 aranei
1241 733 1299 821 νηΐ,

165 850 308 931 Γοργοῦς
336 832 471 930 κεφαλή,
491 843 576 909 idem
597 846 697 909 multo
719 846 823 930 magis
845 842 930 908 cadit
950 845 982 907 in
1004 845 1144 929 tragicos
1155 846 1192 929 ¹).
1235 843 1298 910 Ne-

165 976 228 1041 que
249 975 307 1040 pro
328 953 501 1017 attributivi
523 952 662 1036 genetivi
684 961 717 1016 et
736 951 885 1037 adjectivi
906 960 1019 1016 natura
1040 951 1211 1038 quicquam
1233 951 1300 1016 fere

166 1059 363 1124 differentiae
382 1060 466 1123 inter
485 1051 871 1145 utramqueexprimendi
891 1061 1047 1124 rationem
1067 1059 1246 1144 intercedit,
1268 1067 1301 1123 nt

160 1168 235 1253 jure
257 1166 296 1230 ab
319 1167 378 1257 hac
399 1175 491 1252 perte
514 1165 555 1231 G.
575 1165 614 1229 R.
631 1164 824 1231 Schmidtius
846 1169 1022 1253 moreest),
1043 1167 1154 1232 harum
1176 1189 1301 1255 permn-

166 1276 319 1340 tationem
344 1274 412 1338 fieri
443 1273 531 1338 salva
559 1277 686 1338 omnino
708 1276 863 1339 sententia
884 1295 989 1360 neque
1019 1276 1052 1337 in
1073 1274 1196 1339 ellare
1217 1273 1300 1361 quod

165 1385 248 1447 inter
276 1388 443 1468 utramque
476 1372 645 1446 dictionem
675 1382 844 1446 discrimen
877 1403 947 1446 esse
975 1382 1045 1469 ipse
1077 1381 1154 1445 vehit
1190 1382 1251 1446 nisi
1271 1381 1300 1445 in

166 1490 271 1554 forma
291 1490 386 1553 cerni.
430 1487 593 1566 Ceterum,
612 1497 682 1553 utut
702 1510 753 1552 res
776 1498 809 1553 s‘e
831 1489 943 1570 habet,
972 1488 1098 1552 dicendi
1119 1488 1300 1552 andaciain

167 1597 336 1661 artificiosa
365 1597 425 1661 hac
445 1596 578 1683 epitheti
608 1619 678 1660 cum
711 1598 840 1662 nomine
862 1595 1085 1682 conjunctione
1106 1595 1220 1681 negari
1241 1616 1299 1660 non

167 1705 299 1790 poterit3
325 1703 555 1789 majorautem
577 1704 656 1769 haec
678 1725 748 1768 esse
769 1705 868 1788 solet,
904 1705 930 1769 si
951 1705 1089 1791 epitheta
1111 1712 1186 1769 sunt
1222 1724 1299 1766 com-

167 1812 278 1897 posita

250 1920 356 2004 Atque
376 1919 409 1981 in
429 1919 613 1982 universum
633 1916 771 2003 quidem,
792 1926 829 1983 nt
849 1939 935 1982 nunc
949 1918 1019 2004 jam
1040 1920 1189 2004 exempla
1213 1919 1299 1983 Euri-

168 2025 261 2113 pides
282 2025 322 2088 ad
344 2034 445 2089 certas
466 2025 581 2090 classes
601 2025 748 2110 redigere
776 2046 944 2106 conemur,
973 2047 1033 2112 pro
1053 2035 1169 2090 natura
1189 2026 1302 2090 scilicet

170 2132 238 2217 ejus
259 2132 419 2214 vocabuli,
451 2132 542 2218 eujus
574 2133 725 2217 genetivo
756 2133 826 2220 ipsa
858 2134 998 2219 epitheta
1029 2133 1193 2201 reddenda
1224 2145 1301 2218 aunt,

169 2239 239 2304 illas
272 2238 492 2325 quadruplices
524 2259 595 2303 esse
626 2239 854 2305 contendimus.
907 2240 1048 2306 Primum
1079 2243 1182 2326 enim,
1211 2243 1302 2330 idque

170 2348 436 2434 simplicissimum
458 2355 522 2428 est,
546 2356 715 2433 utrumqne
736 2348 867 2435 epitheti
888 2349 1064 2414 membrum
1084 2350 1214 2437 plenam
1234 2352 1303 2416 reti·

171 2476 249 2519 nens
282 2477 320 2518 ac
353 2455 514 2542 propriam
545 2455 610 2519 vim
641 2463 673 2520 et
693 2465 884 2544 potestatem
912 2457 990 2521 duas
1011 2459 1160 2522 notiones
1181 2458 1304 2522 efficere

172 2563 268 2647 solet,
300 2585 434 2650 quarum
466 2573 519 2629 eut
540 2563 603 2627 duo
623 2565 764 2649 genetivi
787 2563 827 2628 de
847 2565 997 2650 primario
1019 2567 1147 2630 nomine
1167 2567 1213 2629 ita
1235 2567 1305 2652 qni·

172 2673 242 2736 dem
264 2669 412 2757 pendent,
433 2677 469 2734 ut
488 2671 568 2735 alter
588 2671 678 2735 elteri
700 2671 860 2757 subjectus
875 2672 925 2753 ait,
948 2679 1005 2736 eut
1018 2672 1196 2767 unaaolum
1211 2694 1304 2758 gene·

46 2794 51 2808 ·
170 2781 236 2843 tivo
259 2777 423 2843 reddenda
443 2787 510 2856 est,
534 2779 633 2843 altere
655 2788 759 2843 autem
781 2777 822 2843 ad
836 2779 1022 2865 primarium
1037 2800 1153 2844 nomen
1189 2779 1307 2844 accedit

171 2896 320 2973 tanquam
334 2884 428 2970 hujus
446 2885 639 2950 attributum.
683 2885 778 2964 Quod
807 2887 925 2974 optime
953 2888 998 2951 ite
1020 2887 1191 2972 explanare
1213 2909 1304 2974 posse

171 2992 247 3057 mihi
261 2993 371 3057 videor
386 3016 393 3055 :
409 2989 486 3056 Tria
500 3014 625 3080 semper
639 2994 796 3059 elementa
810 3003 945 3076 exstant,
964 3016 1100 3080 quorum
1111 2993 1146 3057 in
1160 2996 1305 3059 versione

172 3101 252 3165 ratio
267 3099 414 3164 habenda
427 3109 477 3164 est
497 3123 505 3163 :
528 3123 637 3166 nomeu
651 3101 848 3187 primariam
868 3110 902 3165 et
922 3100 985 3166 duo
1005 3100 1141 3165 membra
1167 3102 1304 3188 spatham

173 3231 257 3273 nunc
288 3229 364 3271 vere
388 3210 404 3271 1
431 3194 621 3294 'primarium
653 3230 784 3290 nomen,
806 3209 826 3272 2
845 3210 948 3294 prius,
981 3209 1157 3281 3alterum
1179 3210 1306 3298 epitheti

173 3316 348 3380 membrum
370 3315 508 3379 indicare
542 3316 568 3378 si
600 3315 657 3379 tibi
679 3316 817 3398 finxeris,
840 3314 922 3379 duae
936 3314 997 3380 hae
1018 3315 1140 3403 figurae
1161 3318 1305 3400 orientur,

173 3425 288 3511 quibus
309 3423 388 3487 ratic
411 3425 493 3490 inter
521 3425 582 3487 tria
609 3423 765 3487 elementa
785 3422 986 3488 intercedens
1009 3424 1107 3488 oculis
1129 3424 1306 3490 subicitur:

320 3533 407 3642 iar
425 3534 562 3640 siverit,
585 3560 600 3621 1
629 3565 661 3623 et
689 3532 747 3642 οἳ,
768 3557 798 3635 3,

255 3666 294 3730 [n
315 3666 514 3731 antecedenti
545 3666 641 3750 igitur
671 3665 775 3752 figura
803 3665 987 3753 primarium
1010 3687 1126 3730 nomen
1159 3673 1210 3730 est
1239 3664 1306 3729 soli·

66 3779 68 3782 ’
173 3776 289 3840 tarium
309 3796 347 3838 ae
367 3772 510 3861 pendant
530 3772 570 3837 de
592 3793 629 3836 ec
652 3772 786 3838 duorum
807 3774 991 3839 mebrorum
1011 3773 1172 3858 genetivi,
1194 3781 1229 3838 ut
1247 3773 1307 3836 in:

179 4072 181 4075 Ι
245 4105 265 4168 ¹)
284 4105 323 4156 Cf.
342 4103 516 4166 Knehnernm,
534 4118 641 4169 gramm.
660 4117 685 4168 p.
704 4104 784 4152 2242.

245 4196 427 4269 &toph
