2738 4830
562 433 763 497 ..47-

103 601 328 701 &oraicidem
346 622 396 678 est
415 634 442 679 π
463 614 586 679 litterae
608 615 641 678 in
662 637 680 676 ιι
701 616 853 679 transitus
882 614 1112 701 agnoscendus,
1134 617 1235 702 qualis

107 731 260 807 praeterea
274 723 305 786 in
321 715 550 807 di-rpoex-wae
563 718 964 809 (ριο-αμφὶ-τρακ-ιο-ς)
986 722 1105 786 =fusus
1140 723 1235 810 Spin·

113 827 158 893 dol
174 831 367 913 observatur,
389 829 475 917 quod
498 853 569 894 oum
591 821 728 918 ἀτρεκής
749 832 841 895 etiam
865 853 1031 896 commuue
1052 830 1148 895 habet
1169 845 1233 918 ety-

115 956 183 1001 mon.
222 937 369 1003 Laudato
386 938 455 1024 jam
478 939 548 1002 loeo
570 937 726 1003 accedunt
747 939 847 1027 Hipp.
872 939 986 1022 1115·;
1008 937 1070 1024 frg.
1090 940 1235 1015 ormam.

117 1036 221 1132 δφαιὴς
242 1046 347 1112 :Hel
372 1047 430 1112 126
451 1041 578 1132 α’φανὴς
599 1041 657 1113 orio·
679 1039 820 1130 δάμαρτι
845 1039 1015 1135 astrigerum
1037 1047 1076 1111 of.
1100 1070 1130 1111 v.
1148 1047 1235 1130 207*‚
1309 1081 1312 1090 ·

117 1150 195 1242 Hipp.
218 1154 333 1238 1289*;
355 1154 388 1222 J.
412 1154 450 1218 T.
473 1155 553 1238 7573
576 1150 693 1220 Troad.
718 1156 813 1239 12453
840 1156 957 1239 1322*;
979 1156 1098 1220 Phoen.
1124 1157 1236 1239 1o43*;

117 1256 195 1327 Rhes.
227 1264 315 1328 743*.
337 1300 378 1314 -
400 1255 550 1350 α’ψευδὴς
570 1283 581 1327 .·
602 1263 730 1328 Heraol.
767 1265 824 1331 891
861 1259 1009 1352 α’ψευδὲς
1038 1259 1164 1345 στόμα,
1196 1262 1236 1326 of.

117 1364 178 1433 Hor.
209 1371 267 1436 fur.
303 1371 354 1455 59,
389 1371 501 1459 Suppl.
526 1372 605 1454 8693
637 1371 670 1438 J.
693 1371 732 1434 Τ.
755 1373 826 1453 571,
850 1372 968 1454 1254*;
1002 1371 1059 1438 Or.
1081 1374 1151 1454 364,
1174 1371 1236 1456 frg.

116 1472 171 1540 olo.
193 1515 226 1526 -
249 1467 419 1566 ἀνωφελής
439 1500 449 1544 .·
470 1477 568 1565 Hipp.
598 1479 659 1546 636
690 1473 872 1564 nard-aporia
903 1475 1083 1564 ἀνωφελεῖς
1110 1473 1238 1561 lodoin

117 1581 147 1645 of.
165 1606 191 1649 v.
210 1586 288 1670 6383
312 1587 423 1674 Suppl.
446 1587 525 1670 2395
547 1586 603 1652 Or.
630 1587 724 1670 16163
746 1586 808 1673 frg.
824 1589 907 1664 4914.
932 1624 966 1635 -
992 1577 1156 1672 depastio:
1174 1588 1235 1674 frg.

115 1687 153 1769 41,
172 1715 263 1780 quam
284 1716 396 1760 vooem
418 1695 451 1758 in
471 1693 573 1759 Aeolo
589 1693 773 1781 Euripidem
794 1717 963 1779 usurpasse
978 1694 1158 1781 Hesychius
1182 1695 1234 1760 do·

116 1805 155 1860 oet
179 1800 216 1886 (s.
248 1802 305 1886 v.).
331 1838 365 1849 -
390 1801 526 1869 Claudat
558 1823 673 1888 agmen
696 1791 891 1888 ιῖκραιφιής,
921 1802 1009 1887 oujus
1033 1802 1086 1866 diu
1109 1803 1236 1888 quidem

115 1907 238 1972 tenebris
260 1910 374 1974 obruta
389 1909 520 1995 jacebat
541 1932 618 1974 vera
640 1910 817 1998 explicatio.
861 1909 967 1996 Vulgo
997 1911 1081 1974 enim
1114 1909 1237 1975 deoom-

114 2015 232 2094 positum
264 2017 342 2083 illud
370 2039 439 2081 esse
472 2018 697 2083 existimabant
719 2041 775 2106 pro
809 2009 1083 2105 δ-κεραιο-φανὴς
1110 2018 1236 2083 dictum.

115 2109 195 2195 Quod
226 2146 323 2212 quam
351 2147 416 2189 non
438 2135 526 2190 reote
556 2148 626 2190 sese
655 2126 779 2207 habeat,
803 2124 977 2192 Olemmius
1010 2149 1112 2213 nuper
1134 2128 1237 2211 evicit,

115 2228 158 2308 qui
178 2233 322 2298 aradios
345 2255 414 2319 κρα,
437 2254 518 2318 rapu
540 2243 596 2297 aut
616 2256 641 2298 π
657 2232 876 2316 determinata,
898 2246 952 2299 aut
973 2244 1039 2299 toto
1062 2235 1155 2299 etiam
1173 2234 1237 2299 suf·

113 2327 166 2400 fixo
196 2350 350 2406 exornata
380 2341 512 2405 alteram
554 2351 677 2428 partem
707 2341 915 2429 repetendam
948 2365 1019 2407 esse
1052 2342 1237 2424 ostendit1).

113 2432 175 2510 Stat
199 2450 298 2535 igitur
325 2439 506 2538 ἀιραιφνής
537 2472 595 2536 pro
617 2440 799 2538 δκραιιινής
829 2473 892 2514 non
914 2451 1005 2514 aliter
1026 2462 1121 2537 atque
1143 2445 1237 2533 ἐξαι-

111 2540 182 2639 φῐῆς
199 2578 258 2644 pro
290 2549 459 2643 ἐξαπινὴς,
492 2556 577 2644 quod
600 2569 769 2643 utrumque
791 2559 944 2644 exemplis
966 2556 1239 2623 adnumerandum

111 2667 159 2744 081,
178 2664 291 2751 quibus
313 2666 414 2730 tenuis
430 2665 552 2730 litterae
567 2674 640 2729 ante
670 2666 821 2750 liquidam
848 2667 997 2752 aspiratio
1008 2668 1033 2747 ²)
1057 2666 1238 2731 illustretur.

106 2758 195 2856 Apud
226 2772 411 2860 Euripidem
446 2784 553 2837 autem
584 2764 766 2860 δκραιφνὴς
796 2774 912 2858 legitur
943 2772 1022 2837 Heo.
1057 2775 1118 2840 537
1139 2769 1239 2854 μέλαν

104 2863 193 2967 ἕδρης
213 2874 391 2968 deposceris
412 2870 516 2963 αἷμα,
537 2881 577 2946 of.
602 2883 673 2946 Alo.
698 2884 786 2947 1052.

480 3118 509 3181 4.
553 3113 611 3191 dvc
632 3127 768 3202 apparet
788 3116 823 3179 oia
846 3137 853 3178 :

181 3259 333 3356 δυσγενής
354 3291 365 3335 .·
384 3271 435 3336 El.
451 3271 511 3337 363
534 3260 615 3356 ἦθος
637 3272 800 3357 desperem
823 3272 895 3339 Hel.
921 3272 1017 3354 12593
1038 3269 1073 3337 J.
1097 3270 1135 3335 T.
1157 3273 1238 3352 5913

94 3377 175 3446 uon.
207 3380 288 3464 eao;
321 3379 435 3467 roua
466 3380 527 3465 eg.
550 3381 655 3463 arole,
678 3381 792 3464 aare
824 3380 907 3444 aoso
931 3381 991 3464 og.
1014 3379 1106 3462 5317,
1133 3379 1239 3461 aare,
1308 3397 1312 3405 ·

94 3487 195 3564 62013
217 3487 271 3553 ubi
292 3509 350 3574 pro
381 3488 576 3553 substantivo
605 3498 655 3552 est
682 3488 881 3552 vocobulum.
906 3525 939 3536 -
965 3479 1118 3573 δυσκλεής
1140 3509 1147 3550 :
1171 3487 1239 3550 Alo.

97 3593 161 3663 sm
181 3596 280 3661 aava
298 3616 334 3680 ys
353 3591 461 3676 μέντοι
482 3586 654 3682 δυσκλεής,
683 3594 756 3660 Hel.
776 3596 827 3679 66,
851 3595 930 3679 2703
959 3595 1057 3682 Hipp.
1078 3595 1159 3678 4043
1183 3592 1239 3660 Or.

99 3704 170 3789 250,
198 3706 296 3787 11333
324 3703 441 3768 Troad.
470 3705 542 3770 402.
568 3740 602 3751 -
628 3694 801 3789 δυσμαθής
821 3729 829 3770 :
851 3702 937 3769 Med.
968 3705 1047 3770 1196
1078 3700 1184 3769 πίτνει
1205 3700 1241 3779 ἐς

103 3801 201 3890 οὖδας
229 3803 312 3899 πλήν
332 3815 380 3896 τῷ
399 3802 522 3877 τεκόντι
544 3805 719 3897 δυσμαθής
744 3808 835 3879 ι’διῖι.
857 3849 899 3862 —-
920 3801 1114 3899 δυσπριπὴς
1135 3834 1146 3881 .·
1167 3812 1239 3878 Hel.

169 4116 191 4184 ²)
209 4119 281 4169 Cart.
300 4115 373 4168 etad.
392 4115 447 4165 VII.
465 4131 490 4181 p.
509 4119 566 4179 324,
586 4120 643 4168 325.

169 4208 191 4278 ⁸)
209 4211 260 4262 Vix
286 4212 380 4263 addere
407 4226 471 4277 opus
490 4210 538 4261 erit
568 4227 623 4261 eam
649 4211 691 4261 hio
708 4209 825 4278 intellegi
843 4210 1037 4277 aspirationem,
1066 4227 1132 4277 quse
1150 4228 1196 4278 per
1213 4227 1241 4262 se

109 4295 205 4361 quidem
223 4296 400 4365 legitimanon
418 4302 466 4358 est,
484 4297 529 4346 sed
545 4296 663 4362 propriae
685 4297 793 4348 debetur
805 4296 959 4362 liquidarum
971 4296 1113 4347 litterarum
1126 4303 1239 4348 neumae.
