2738 4830
633 415 854 480 -114-

262 603 374 669 Gentes
395 601 488 665 etiam
504 608 535 664 et
548 600 689 688 repieneo
709 599 777 663 sive
794 611 895 664 terras
919 594 1066 683 epithetis
1094 592 1234 680 aliquem
1255 593 1359 662 lou—.

180 711 251 775 dem
274 733 311 775 oe
325 711 482 790 virtutem,
505 729 567 794 quo
588 727 664 794 prae
679 707 789 772 ueteris
808 706 946 770 maxime
960 704 1048 791 ipsse
1062 702 1135 767 illes
1149 702 1359 770 excellunt:

182 817 431 906 exprimentibus
458 817 491 879 in
512 837 573 879 usu
592 814 711 879 habent
738 823 851 900 poetae
882 833 1011 898 engere.
1051 810 1127 875 Hue
1147 808 1359 895 Euripiden

181 927 284 992 refero
307 947 314 989 :
336 923 495 1010 φίλιπποι
514 922 698 1009 Touisgfrg.
716 923 794 1005 9293
812 913 1018 1007 φιλόρματοι
1034 920 1144 1006 Θῆβαι
1163 918 1245 985 Her.
1261 919 1359 984 fur-

181 1035 261 1118 4673
281 1024 516 1116 μελόμβροντος
543 1036 582 1117 γῆ
598 1025 764 1105 Αἰόιοπός
795 1030 857 1116 frg.
879 1030 988 1114 230125
1022 1026 1195 1093 manifeste
1215 1038 1359 1099 euter-

183 1151 232 1208 est
250 1140 383 1206 Homeri
404 1140 536 1204 imitatio
557 1140 590 1204 in
611 1135 791 1220 ἱππόβοτον
804 1131 922 1223 ’Ἀρνθς
944 1134 1058 1225 Suppl.
1079 1136 1170 1205 365*.

263 1275 339 1340 Jsm
368 1273 408 1340 sd
429 1295 480 1338 res
509 1274 671 1338 hominum
692 1273 837 1337 menibus
859 1271 1018 1337 eonfeetes
1045 1281 1081 1336 ut
1111 1270 1355 1358 procedamus

183 1383 325 1469 inprimis
347 1383 445 1447 ormr'o
467 1381 659 1469 descriptiva
679 1381 752 1445 eddi
775 1382 878 1445 solent
900 1379 1048 1467 epitheto,
1071 1380 1188 1466 quibus
1210 1381 1264 1444 vel
1281 1381 1337 1468 id,

184 1491 271 1576 quod
299 1492 436 1554 maxime
465 1490 524 1554 sub
546 1490 654 1554 oeulos
675 1489 776 1570 eadit,
795 1489 847 1552 vel
868 1487 1008 1573 materis,
1030 1509 1072 1552 ex
1093 1509 1157 1574 que
1178 1489 1252 1574 ipse
1271 1487 1326 1554 ilia

184 1607 368 1684 comparato
390 1606 480 1681 sunt,
513 1597 705 1682 designetur.
748 1596 801 1660 Ab
818 1595 880 1659 hoe
899 1606 991 1683 perte
1012 1604 1121 1660 teneas
1140 1590 1322 1682 χαλκήλαθ’

181 1696 270 1769 όπλα
291 1704 363 1769 Hel.
388 1706 468 1771 1263
489 1715 521 1768 et
542 1696 729 1790 πάγχαλκος
747 1693 847 1790 αἰχμή
867 1703 996 1768 Herael.
1021 1704 1102 1789 2763
1124 1702 1165 1767 eb
1186 1704 1243 1768 ille
1264 1697 1314 1784 α’μ-

185 1811 339 1898 φότορνος
375 1808 477 1887 ἄοπλα
506 1811 623 1878 Trood.
656 1813 774 1895 1156*;
805 1806 990 1896 α’μφότομον
1020 1813 1118 1897 ξίφος
1147 1811 1199 1877 El.
1233 1813 1315 1894 164*;

183 1913 364 2006 όξόθηκτον
377 1910 540 2006 φάσγανον
553 1920 653 1985 Andr.
680 1923 774 2003 1150;
796 1914 850 2017 όνή
872 1921 956 2003 totu
968 1912 1049 2002 τόξα
1068 1919 1147 1984 Her.
1170 1920 1232 1986 fur.
1254 1920 1313 1986 4⁷2.

185 2028 255 2093 Neo
282 2039 387 2093 tomen
410 2051 498 2094 arms
519 2029 600 2113 solo,
631 2028 689 2094 sed
722 2031 816 2095 etism
839 2030 924 2096 oliae
944 2054 994 2096 reo
1015 2030 1157 2094 similiter
1178 2029 1315 2116 epithetis

186 2136 377 2220 efferuntur3
403 2137 449 2200 sie
481 2138 605 2202 αόλανα
633 2128 870 2223 ἓπτόφθογγος
899 2141 1080 2204 nominatur
1109 2137 1198 2213 (Jon.
1222 2139 1316 2224 881*),

186 2244 258 2332 lyra
280 2233 458 2320 ἓπτοὶτονος
478 2245 565 2331 (Alo.
586 2246 699 2329 446*),
724 2249 819 2313 ναοόο
840 2236 1041 2329 ον’κνπόμπος
1061 2246 1109 2332 (J.
1132 2245 1171 2311 Τ.
1196 2247 1318 2330 1136‘);

185 2354 260 2416 item
292 2374 398 2417 rerum
429 2354 563 2417 materia
594 2375 658 2417 non
678 2354 786 2441 inepte
809 2355 954 2440 epithetis
987 2355 1028 2420 od
1055 2355 1219 2419 oculorum
1240 2354 1320 2419 velut

186 2482 314 2524 sensum
342 2455 510 2524 reuocetur
538 2461 571 2524 iu
594 2484 601 2524 :
623 2451 797 2547 πολόπηνα
828 2454 939 2546 φάρεα
960 2462 1010 2527 ΕΙ.
1035 2462 1120 2544 191*‚
1143 2455 1321 2548 λινόερονον

186 2558 294 2653 φόρος
315 2566 395 2631 Ηοο.
420 2568 528 2634 1081*.
570 2567 704 2634 Restant
725 2570 902 2651 απόαταόόα,
939 2591 1074 2656 quorum
1095 2570 1252 2657 cujusque
1273 2593 1321 2636 ns

186 2685 289 2740 turum
315 2675 452 2740 maxime
479 2677 642 2763 propriam
670 2679 745 2742 item
772 2677 923 2764 peoulieri
954 2679 1093 2766 epitheto
1115 2679 1322 2746 exornarein

188 2782 308 2849 deliciis
328 2784 388 2847 t'uit
408 2781 563 2871 Euripidi.
587 2782 683 2864 Quod
699 2786 853 2871 exemplis
874 2786 1047 2852 illustretur
1068 2809 1077 2851 :
1097 2780 1324 2869 ἵππωνταχν-

188 2883 299 2967 addon
318 2889 435 2958 Beneh.
459 2893 536 2975 7823
563 2882 694 2974 μώνοχα
715 2891 825 2984 πτόλον
846 2893 967 2959 Phoen.
990 2894 1086 2979 793*;
1112 2891 1324 2984 τετρασκελός

187 2988 312 3079 μόσχος
342 2998 461 3064 Phoeu.
491 3000 571 3082 639,
595 3000 784 3087 quibuscum
806 3001 953 3068 conferes
973 3001 1071 3068 Rhes.
1091 3004 1190 3088 550*;
1209 3003 1324 3071 Bnoeh.

188 3106 265 3190 6913
286 3105 319 3170 J.
343 3106 381 3170 Τ.
403 3107 481 3190 261;
502 3107 565 3192 irg.
587 3107 713 3184 775132.

271 3237 366 3302 Nune
388 3240 422 3303 in
444 3238 664 3303 enumerandis
685 3239 776 3325 hujus
789 3241 898 3304 elassis
914 3241 1067 3329 exemplis
1081 3243 1194 3309 eodem
1218 3245 1324 3310 ordine

191 3366 253 3431 quo
274 3347 307 3409 in
327 3346 433 3434 priore
453 3368 572 3431 genere
593 3355 732 3429 utemur,
765 3348 821 3412 sed
842 3349 925 3414 intre
945 3351 1086 3436 singulas
1107 3352 1324 3442 paragraphos

190 3452 268 3517 hseo
299 3453 389 3518 nobis
418 3455 469 3520 vis
500 3455 709 3541 ingrediendo
738 3458 815 3537 erit,
848 3465 884 3520 nt
915 3478 997 3542 quse
1028 3467 1162 3545 propter
1194 3461 1323 3525 similem

191 3582 317 3624 sensum
339 3561 449 3626 melius
468 3585 531 3626 una
552 3562 744 3650 proferenda
759 3586 855 3651 quum
868 3573 998 3651 propter
1012 3565 1170 3632 diversam
1193 3565 1322 3632 formum

192 3665 367 3733 dirimenda
387 3669 543 3755 videntur,
571 3670 650 3737 haee
672 3671 863 3756 conjunctim
885 3694 1011 3759 semper
1033 3673 1181 3758 neglecte
1200 3674 1323 3761 alique·

191 3783 283 3839 tenus
303 3775 492 3842 formatione
511 3799 734 3866 proponemus.

637 4117 882 4124 Ἥ
