2738 4830
524 366 779 451 &22-

113 579 175 635 tem
188 571 406 655 *compositum
435 569 571 633 occurrit
590 567 623 633 J.
646 566 686 631 Τ.
708 567 771 634 345
798 563 933 652 γαέριός
953 556 1043 650 ᾖσθα
1065 565 1119 631 τοὶ
1141 565 1244 651 φιλοι-

113 674 253 765 κτίρμων
282 665 351 753 άεέ,
381 677 400 740 i.
424 697 450 740 e.
473 675 519 741 od
538 673 789 742 misericordiam
804 697 992 761 propensas.
1036 671 1153 740 Moneo
1172 673 1247 739 hanc

113 807 223 849 vocem
245 792 370 871 praeter
401 783 483 848 Plat.
507 783 635 847 Menex.
661 783 724 848 244
744 781 772 845 E
796 803 950 867 nusquam
973 780 1047 847 alibi
1069 790 1248 867 usurpatam

117 895 210 958 etiam
228 889 326 979 Sopb.
342 892 394 977 Aj.
404 892 467 957 580
477 913 535 977 pro
551 885 769 976 φιλοίκτιοτοι
791 886 1064 956 aScbneidewino
1077 910 1148 953 esse
1170 911 1248 954 reee-

113 1010 209 1087 ptam.

198 1111 217 1189 ξ
238 1109 267 1171 6.
296 1105 347 1170 En
360 1105 509 1191 epitheta,
521 1126 654 1191 quorum
666 1104 841 1190 posteriora
856 1103 997 1169 membra
1008 1103 1167 1191 adjectiva
1173 1115 1250 1173 sunt

116 1215 165 1281 Ao
185 1214 292 1281 nescio
316 1236 354 1277 an
377 1211 509 1278 fortasse
532 1212 654 1276 crimini
674 1211 750 1277 mibi
775 1221 902 1294 vertas,
933 1212 1018 1297 quod
1039 1213 1195 1281 nonnulla
1207 1214 1251 1279 bic

116 1323 260 1409 exempla
272 1322 474 1398 excusserim‚
497 1341 578 1406 quac
596 1318 636 1385 ad
652 1318 804 1404 simplicia
821 1342 877 1382 sua
897 1341 1097 1405 nequaquam
1113 1321 1250 1389 revocari

115 1439 255 1515 possunt.
287 1425 359 1506 Quo
382 1428 413 1491 in
437 1449 553 1509 genere
576 1426 711 1515 [orimum
733 1427 863 1491 nomino
885 1416 1058 1512 οἷτρὲμαιος
1079 1437 1111 1493 et
1133 1427 1252 1508 δυσχά-

115 1557 224 1620 μιρος,
247 1558 347 1621 quae,
372 1557 562 1621 quamquam
586 1543 675 1601 extra
698 1535 959 1621 compositionem
984 1535 1136 1604 adverbia
1157 1538 1252 1601 solum

116 1643 251 1731 α’τρέμα,
264 1637 417 1728 άτρέμας,
431 1651 461 1711 et
474 1641 629 1728 adjectiva
651 1639 826 1728 χειμέριος,
846 1633 1030 1727 χειμορινός
1044 1643 1069 1725 1)
1089 1646 1251 1709 inveniun-

115 1762 184 1834 tur,
216 1760 385 1837 propterea
418 1736 523 1816 tamen
556 1750 617 1814 buc
637 1752 757 1816 referre
788 1772 852 1817 non
887 1749 1046 1835 dubitavi,
1080 1751 1167 1839 quod
1189 1753 1252 1840 ipsa

114 1859 317 1923 manifestam
344 1879 421 1944 prae
450 1880 484 1922 se
506 1857 612 1921 ferunt
641 1857 788 1943 adjectivi
811 1856 1043 1922 formationem.
1066 1895 1106 1906 -
1131 1859 1253 1924 Deinde

116 1989 191 2030 vero
224 1964 374 2051 simplicia
404 1987 467 2028 non
498 1963 689 2050 respondent
711 1966 869 2029 nonnullis
892 1965 1036 2052 epithetis
1057 1964 1090 2028 in
1113 1987 1153 2030 ιο
1176 1965 1251 2032 desi·

116 2073 281 2154 nentibus,
304 2094 436 2157 quorum
458 2071 579 2157 priores
600 2073 694 2140 aedes
714 2071 964 2158 praepositiones
983 2073 1147 2162 obtinent3
1182 2082 1252 2138 sunt

118 2181 214 2247 baec:
238 2171 392 2257 ἑνόπνιος,
403 2166 564 2259 ἐνθύμιος,
587 2170 756 2259 ἐμπόδιος,
778 2171 934 2260 ἐκιόπιος,
958 2171 1107 2262 ἐξώπιος,
1131 2175 1253 2262 ἐπιχά-

117 2310 195 2372 ριος,
216 2283 421 2370 μετακόμιος,
436 2281 662 2372 προβακχήιος,
685 2283 897 2370 ὑπασπίδιος,
913 2291 1035 2376 quibus,
1058 2290 1118 2353 uisi
1133 2293 1166 2353 in
1176 2290 1253 2355 Har-

117 2397 216 2481 tungii
239 2396 422 2480 conjectura
442 2390 659 2480 τετραφύλιος
681 2396 718 2481 (J
721 2417 770 2460 on.
795 2397 887 2480 1577)
920 2399 1122 2484 acquiescere
1144 2398 1253 2484 placet,

117 2506 209 2571 etiarn
239 2495 414 2585 ἐπιφόλιος
447 2501 654 2570 adnumerare
694 2502 831 2570 debebis.
880 2503 940 2569 His
980 2505 1125 2591 opposita
1153 2516 1253 2570 sunt:

118 2602 325 2696 άμφιβώμιος
368 2600 590 2691 (άποβιόμιος,
634 2598 836 2691 ἐπιβιόμιος,
877 2603 1097 2697 προβάμιος),
1133 2606 1255 2688 ἐνάλιος

119 2713 319 2805 (παράλιος),
341 2711 490 2801 ἐννύχιος,
511 2710 661 2794 ἐπάκτιος
683 2712 900 2803 (παράκτιος),
923 2709 1122 2804 ἐπικήδειος,
1143 2725 1254 2800 μεθα-

113 2830 242 2912 ’μέριος,
264 2819 535 2913 παραποτάμιος,
557 2825 776 2913 προοαύλιιος
788 2879 795 2910 ,
818 2822 1075 2916 προστρόπαιος,
1098 2829 1255 2914 οοζόγιος,

121 2931 317 3022 ὑπαίθριος,
349 2924 563 3018 όποχθόιιος,
591 2931 799 3022 ὑποχείριος,
825 2934 1038 3024 όποοιίροιος
1068 2938 1255 3023 (secundum

120 3042 294 3128 llusgravii
316 3045 543 3129 conjecturam3
567 3043 639 3125 cf.§
661 3046 691 3124 Ξ),
714 3046 776 3125 20),
798 3046 830 3107 in
847 3045 961 3130 quibus
984 3044 1095 3109 eadem
1117 3046 1254 3131 quidem,

119 3172 199 3237 quae
221 3151 251 3215 in
273 3151 350 3232 illis,
372 3151 528 3216 formandi
550 3153 629 3214 ratio
647 3152 801 3234 cernitur,
830 3174 975 3239 quaeque
996 3162 1130 3238 possunt
1151 3164 1255 3217 tamen

120 3279 217 3324 asuo
250 3258 398 3344 quodque
431 3259 564 3345 simplici
585 3259 694 3343 repeti.
737 3256 814 3324 Jam
837 3281 917 3345 quae
950 3261 989 3322 sit
1008 3259 1172 3346 utriusque
1195 3263 1256 3347 epi·

120 3364 276 3431 thetorum
296 3366 421 3449 generis
443 3365 595 3441 condicio,
616 3364 754 3430 breviter
775 3365 929 3430 indicabo.

203 3474 252 3540 Ao
274 3473 400 3560 propria
420 3474 547 3560 quidem
568 3473 690 3539 illorum
713 3483 825 3538 natura
846 3475 877 3537 in
900 3495 936 3538 eo
960 3483 1008 3537 est
1029 3475 1133 3559 posita
1139 3524 1148 3557 ,
1172 3473 1256 3561 quod

125 3579 270 3649 secundis
297 3580 446 3647 membris
475 3601 599 3666 semper
620 3579 818 3646 substantiva
838 3581 990 3664 subsunt3
1012 3603 1053 3646 ex
1083 3581 1130 3646 bis
1152 3594 1256 3648 autem

128 3688 285 3773 quomodo
307 3689 376 3774 ipsa
398 3689 572 3774 composita
593 3697 661 3751 orta
682 3690 752 3770 sint,
777 3687 891 3773 duplici
915 3690 1037 3752 ratione
1061 3689 1183 3774 fingere
1203 3691 1256 3755 tibi

124 3794 249 3880 poteris.
293 3793 442 3881 Namque
473 3804 528 3863 aut
557 3795 739 3860 circuitione
761 3796 898 3882 quadam
921 3795 1107 3862 sumendum
1139 3808 1188 3863 est
1214 3799 1256 3863 ita

123 3901 201 3965 baec
223 3923 292 3968 esse
314 3911 404 3983 nata,
435 3912 470 3966 ut
490 3903 626 3989 primum
649 3926 667 3968 e
689 3905 957 3969 substantivorum
977 3905 1128 3992 stirpibus
1150 3906 1255 3971 addito

192 4229 213 4298 ¹)
231 4229 302 4280 Curt
320 4229 376 4280 Gr.⁴
393 4245 418 4294 p.
438 4234 494 4282 201.
