2738 4830
580 793 769 872 Verbalis.

195 974 215 1052 ἓ
237 969 265 1034 7.
307 969 398 1033 Inter
418 968 590 1032 nominalia
611 977 642 1031 et
656 967 796 1032 verbalia
808 965 946 1054 epitheta
968 965 1060 1051 quale
1082 963 1245 1029 discrimen

112 1077 286 1144 intercedat
307 1078 376 1163 jam
405 1078 438 1140 in
460 1080 480 1158 ξ
501 1078 522 1142 3
547 1075 765 1163 exposuimus,
796 1074 850 1139 ubi
872 1072 911 1138 de
933 1074 1000 1136 sola
1021 1072 1246 1157 significatione

112 1185 190 1250 illud
210 1185 316 1250 velere
339 1183 542 1249 ostendimus.
586 1181 652 1248 Sed
674 1205 771 1247 unum
794 1191 857 1265 est,
880 1181 970 1267 cujus
991 1202 1119 1266 semper
1140 1179 1200 1244 hac
1219 1180 1247 1243 in

112 1316 147 1358 re
169 1293 321 1357 rationem
350 1291 467 1356 habere
490 1290 658 1374 debemus3
691 1290 795 1375 agitur
817 1291 901 1354 enirn
929 1291 968 1356 de
989 1290 1177 1355 suffixorum
1198 1310 1246 1351 na·

113 1410 193 1480 tura,
216 1421 349 1487 quorum
373 1399 488 1464 auxilio
511 1397 652 1464 secunda
665 1398 810 1463 membra
830 1398 966 1464 formata
987 1407 1068 1463 sunt
1113 1397 1199 1463 Nam
1220 1395 1248 1459 in

114 1509 172 1572 hac
194 1507 260 1572 sole
282 1506 447 1571 discrimen
470 1506 547 1571 illud
568 1506 705 1591 positum
728 1516 791 1585 est,
813 1515 848 1571 ut
869 1507 909 1571 ab
930 1488 991 1570 hac
1013 1506 1141 1592 quidem
1162 1510 1249 1592 parte

114 1615 207 1681 etiam
231 1613 271 1680 ad
292 1614 514 1679 formationem
530 1614 740 1679 differentiam
761 1615 844 1679 illam
864 1616 1025 1703 pertinere
1039 1616 1065 1679 si
1087 1615 1159 1701 quis
1181 1634 1250 1676 con-

114 1724 259 1806 tenderit,
283 1723 430 1809 equidem
450 1722 527 1787 nihil
550 1732 634 1788 certe
665 1722 693 1787 ei
714 1724 893 1788 restiterim.
936 1721 1032 1786 Notio
1053 1730 1160 1786 autem
1183 1743 1250 1785 ver·

114 1831 195 1896 belis
215 1832 248 1894 in
270 1833 382 1917 quovis
414 1830 530 1894 suffixo
563 1852 766 1917 nequaquam
781 1832 901 1918 pariter
912 1831 1017 1894 inesse
1039 1831 1135 1912 solet;
1156 1831 1251 1893 immo

114 1938 175 2002 tria
195 1946 317 2003 tantum
336 1937 397 2001 hoc
427 1938 461 2000 in
488 1959 607 2024 genere
629 1937 765 2001 maxime
788 1937 1018 2001 consideranda
1037 1928 1134 2001 sunt:
1163 1960 1251 2019 οπο,

114 2060 249 2124 οοετο,
269 2068 320 2131 τη,
343 2064 474 2119 οοεες.
516 2043 577 2109 His
598 2067 701 2131 pauca
722 2044 883 2129 accedunt,
905 2046 992 2109 velut
1013 2066 1051 2108 ιο
1073 2065 1159 2128 nep,
1183 2063 1252 2126 σιο,

116 2154 229 2241 quibus
251 2154 324 2216 item
347 2152 486 2217 verbalis
509 2173 621 2216 sensus
648 2152 786 2240 epitheta
807 2174 1034 2239 nonnunquam
1056 2151 1190 2216 formari
1212 2153 1252 2215 vi-

116 2261 235 2341 demus.
278 2259 348 2324 Neo
369 2269 475 2353 tamen
496 2281 603 2323 meum
625 2269 689 2344 est,
711 2261 886 2324 accuratius
908 2261 941 2323 in
962 2259 1043 2323 hanc
1063 2281 1131 2323 rem
1152 2259 1253 2345 inqui·

13 2424 15 2428 Α
44 2393 47 2398 ·
114 2391 194 2453 rere,
216 2369 403 2457 pracsertim
425 2390 496 2431 cum
520 2368 698 2433 acutissime
716 2367 785 2453 jam
801 2366 841 2432 de
857 2389 895 2431 ea
909 2367 1082 2433 Olemmius
1105 2368 1209 2453 egerit
1220 2367 1253 2452 ¹),

116 2477 205 2562 cujus
238 2477 427 2541 sententium
452 2497 580 2562 prorsus
602 2475 785 2563 amplecter.
829 2473 936 2553 Quare
966 2496 1050 2538 nuno
1085 2473 1126 2538 ud
1149 2496 1253 2560 exem·

116 2585 241 2673 plorum
264 2585 533 2649 enumerationem
555 2583 773 2671 procedemus,
795 2585 840 2647 ita
854 2583 992 2670 quidem,
1013 2592 1049 2646 ut
1068 2604 1126 2670 pro
1149 2583 1253 2669 singn-

116 2693 153 2756 lis
176 2691 299 2757 suffixis
320 2693 352 2755 in
373 2692 498 2777 singula
520 2692 648 2777 agmina
669 2691 808 2778 epitheta
829 2691 1061 2755 distribuamus.
1104 2684 1109 2695 ⁴
1159 2751 1162 2758 .

174 2930 194 3008 ἓ
216 2929 244 2992 8.
268 2924 460 2991 Secunda
481 2925 659 2989 membra
679 2924 836 2989 suffixo
858 2946 876 2988 ο
897 2923 1073 2988 formata
1094 2933 1201 2989 sunt.

321 3063 348 3124 1.
390 3058 616 3125 Praecedentie
636 3059 772 3124 membra
792 3071 866 3123 sunt
886 3057 1054 3146 adjectiva.

204 3182 376 3278 αἰνόγαμος
410 3193 586 3278 infeliciter
607 3195 794 3282 conjugatus
816 3217 823 3257 :
845 3192 925 3257 Heu.
951 3193 1047 3256 1120·
1068 3178 1179 3275 Πάρις
1211 3186 1257 3254 ci-

119 3292 262 3384 νόγαμος.
283 3340 324 3349 -
346 3292 523 3386 αι’τοοργός
544 3291 760 3388 (αόοοῐεργός)
784 3327 791 3366 :
814 3301 870 3368 Or.
893 3302 954 3366 920
975 3295 1157 3383 αὐτουργός
1178 3289 1256 3387 ‘mit’

121 3410 140 3472 i.
164 3429 190 3471 e.
214 3409 302 3474 homo
321 3411 462 3496 propria
483 3434 580 3474 manu
609 3410 774 3486 indurans,
801 3409 953 3499 eprieoia.
980 3446 1013 3455 —
1036 3399 1228 3483 αὐτοκτόνος
1250 3430 1256 3470 :

120 3516 205 3580 Med.
230 3517 327 3581 1254*
346 3515 468 3592 τέκνοις
488 3517 691 3602 προσβαλεῖν
717 3516 797 3603 χέρα
819 3508 1025 3593 ciconinum
1053 3517 1098 3580 sic
1119 3515 1250 3603 appella·

121 3632 181 3704 tur,
202 3625 304 3710 inquit
319 3623 483 3708 Pflugkius
496 3626 533 3708 ²),
555 3647 676 3707 manus,
692 3624 777 3711 quod
793 3648 831 3690 ea
844 3625 959 3690 Medea
972 3646 1046 3689 suos
1058 3625 1127 3711 ipsa
1141 3623 1257 3687 liberos

122 3728 317 3796 trucidatum
350 3741 425 3797 erat.
451 3767 485 3779 -
510 3723 665 3819 ἦδολὸγος
705 3735 843 3799 suaviter
876 3735 1031 3820 loquens:
1057 3731 1137 3796 Heu.
1182 3729 1258 3794 132*

122 3829 277 3922 ἦδολόγος
297 3836 398 3916 κόπος
419 3841 577 3926 (Ulixes);
611 3851 749 3906 ceterum
770 3841 832 3905 hoc
853 3842 1013 3928 epitheton
1036 3841 1131 3903 etiam
1154 3859 1257 3904 exem-

122 4025 318 4039 ἢ*

193 4160 212 4224 ¹)
231 4161 301 4212 Curi.
320 4161 391 4213 Stnd.
408 4161 465 4212 VII.
482 4177 507 4228 p.
526 4165 558 4214 68
576 4177 632 4228 squ.

191 4253 213 4324 ¹)
231 4270 254 4305 a.
271 4253 288 4305 L
