2738 4830
636 453 860 516 -182-

174 639 222 713 et,
255 633 288 695 in
320 633 435 718 quibus
464 632 603 697 seeundo
623 633 767 698 membro
795 654 892 697 sensu
921 633 1021 696 solum
1043 655 1115 696 oum
1137 632 1313 696 nominibus

174 749 381 823 congruunt:
403 733 574 805 εὕδειπνσι
605 740 717 816 δαῖτες
746 739 831 804 Med.
864 741 962 823 200*;
986 776 1021 788 -·
1046 734 1179 819 εὔδοξον
1205 729 1314 824 φάμαν

174 845 272 932 Hipp.
305 847 402 930 773*;
423 883 464 895 —
496 836 657 929 εὐμούσου
688 845 823 929 μολπᾶς
852 847 885 914 J.
909 847 948 912 T.
984 848 1079 930 145*;
1112 882 1147 894 -
1181 840 1316 911 εδσίωνν

175 944 290 1037 πότμῳ
323 952 356 1019 J.
388 955 426 1018 A.
460 954 541 1023 560*
573 956 628 1038 (cf.
662 956 777 1020 Aesoh.
810 956 897 1020 Pers.
931 956 990 1020 711
1012 951 1119 1034 βίοτον
1151 948 1314 1035 statmo).

177 1058 244 1124 Suo
277 1059 413 1147 denique
439 1060 512 1146 jure
534 1061 731 1129 Sohirlitnius
753 1063 801 1127 his
824 1062 1048 1146 adnumeratl)
1072 1063 1165 1126 etiem
1202 1060 1315 1125 Boooh.

177 1169 274 1233 1158*
300 1159 449 1256 νάρθηκα
478 1162 593 1250 ἐλαβεν
614 1164 795 1256 σῦδσρσονς
831 1170 915 1235 idem
937 1170 1022 1234 enim
1042 1170 1103 1233 hoo
1124 1168 1212 1233 velet
1232 1167 1316 1255 quod

175 1264 302 1360 δδρσον
321 1268 484 1361 εὔθυρσον
495 1277 532 1360 ¹).

256 1407 340 1489 ἐ78.
384 1408 436 1473 De
457 1407 673 1474 membrorum
695 1407 889 1473 abundantia
910 1406 1059 1495 quoniam
1077 1407 1110 1470 in
1133 1406 1195 1470 hoo
1216 1406 1317 1490 sopito

174 1514 349 1601 loquimur,
369 1538 433 1580 non
468 1517 578 1582 inutile
599 1517 659 1582 erit
681 1515 819 1604 epitheta
846 1516 899 1580 hio
919 1535 1116 1604 proponere,
1146 1516 1181 1577 in
1203 1513 1312 1600 quibus

174 1622 301 1689 alterius
333 1623 459 1711 quidem
481 1624 615 1690 membri
639 1646 734 1689 sensu
765 1646 895 1712 prorsus
918 1625 1099 1711 quiescente
1120 1620 1312 1710 praecedens

177 1729 277 1793 solum
309 1731 578 1817 praepositio
611 1753 701 1796 suam
733 1730 996 1816 significationem
1028 1730 1132 1794 habet.
1188 1727 1254 1792 Per
1283 1749 1312 1792 se

176 1837 261 1900 enim
289 1837 393 1902 aliena
420 1837 499 1902 haee
529 1838 677 1903 videntur
708 1837 748 1902 ob
778 1839 837 1902 hoc
859 1838 1002 1924 opusculi
1024 1845 1131 1923 perte,
1160 1833 1312 1922 quamdo

176 1942 323 2029 epithetis
347 1965 417 2008 esse
437 1945 614 2029 voluimus,
645 1967 727 2032 queo
748 1945 830 2008 verti
850 1943 974 2032 possint
994 1943 1160 2030 epithetis;
1190 1943 1246 2007 ille
1265 1963 1312 2008 en·

174 2059 256 2133 tem,
290 2052 380 2137 quasi
402 2052 561 2118 secundae
582 2061 691 2138 partes
713 2053 841 2116 omnino
863 2073 928 2115 non
951 2059 1134 2132 exstarent,
1157 2050 1311 2138 praeposi·

174 2159 297 2222 tionum
328 2165 451 2223 tentum
483 2161 548 2224 vim
581 2160 718 2224 retinent
747 2159 792 2222 ite
813 2158 961 2246 quidem,
995 2166 1030 2222 ut
1057 2179 1185 2244 semper
1206 2159 1248 2222 eb
1269 2159 1311 2222 his

174 2265 302 2352 aliquod
332 2269 487 2331 enuntiati
518 2267 748 2332 substantivum
778 2274 888 2353 aptum
917 2267 971 2350 sit3
994 2267 1039 2329 sie
1061 2264 1117 2331 Or.
1140 2266 1182 2332 83
1203 2257 1311 2354 πδρσ-

174 2372 250 2456 δρας
279 2366 390 2457 ‹tello›
412 2379 514 2459 νεκρῷ
533 2363 655 2458 θοὶσσῳ
677 2375 696 2437 i.
719 2395 746 2437 e.
769 2370 862 2460 παρα
888 2368 966 2438 olet.
994 2373 1100 2461 νεκρῷ
1120 2365 1256 2458 δάσσως
1278 2408 1308 2422 —

174 2479 293 2545 Trood.
315 2481 392 2547 139*
415 2474 534 2547 θάσσω
557 2486 687 2567 σκηναῖς
706 2476 847 2567 ἔφεδρος
861 2476 1142 2566 Ἀγαμεμνονίαιςς
1166 2516 1207 2528 -
1227 2482 1260 2549 J.
1276 2479 1310 2546 T.

174 2589 216 2654 80
246 2578 462 2674 ἠλασνόμσσθθ
495 2584 621 2674 ἔξεδροι
650 2581 785 2672 zeonem
820 2627 857 2638 -
886 2589 1006 2654 Phoen.
1044 2588 1124 2655 1095
1155 2585 1312 2677 ἐφέδρους

173 2688 356 2773 θ’λππότας
382 2695 441 2777 μὲν
468 2689 627 2773 ἱππόταις
654 2691 755 2782 ἔταξ’,
786 2693 925 2773 ὁπλίτας
947 2691 1226 2784 δ’δσπιδηφδρσις
1248 2693 1311 2773 ἔπι,

173 2825 236 2890 quo
258 2805 362 2871 nullus
378 2806 509 2892 quidem
523 2806 625 2892 magis
641 2805 781 2870 ostendit
796 2807 893 2889 loeus,
916 2806 949 2869 in
964 2805 1078 2869 talibus
1100 2805 1256 2892 exemplls
1274 2803 1311 2869 ed

171 2933 293 2976 merum
315 2913 586 2999 praepositionum
606 2934 732 2977 sensum
756 2912 968 3000 epithetorum
990 2920 1182 2998 potestatem
1201 2911 1312 2976 redire.

171 3017 313 3084 Sedendi
344 3021 429 3083 notio
461 3018 604 3084 abundet
634 3020 728 3084 etism
756 3018 830 3083 Hel.
863 3019 924 3085 879
969 3011 1121 3102 σύλλογος
1148 3007 1311 3104 πάρεδρος

171 3123 262 3210 Ζηνλ·
285 3133 317 3189 et
345 3124 444 3212 Hipp.
476 3127 538 3192 935
570 3116 662 3210 λόγον
694 3118 978 3211 παραλλάσσοντας
1008 3121 1139 3211 ἔξεδροι
1177 3129 1306 3212 φρενῶν

170 3231 306 3296 invicem
327 3232 568 3319 praepositionis
589 3232 637 3296 vis
659 3233 786 3299 evanuit
800 3236 832 3298 in
848 3225 1019 3320 παρ’Ἥρᾳ
1032 3233 1073 3320 τῇ
1085 3229 1311 3320 θ’Ἡρααλδοσς

163 3331 251 3428 Ἥβῃ
272 3331 441 3428 πάρεδρος
451 3339 480 3424 ⁸)
508 3338 565 3405 Or.
596 3333 703 3406 16872.
725 3341 786 3406 His
815 3340 898 3405 oddo
920 3341 982 3427 frg.
1012 3340 1150 3417 ruwet
1170 3327 1311 3435 ἐντδνενσλ

175 3552 372 3571 ·-·-·--··-τ-

241 3690 261 3759 1)
278 3693 295 3743 l.
315 3707 337 3744 o.
356 3708 381 3760 p.
400 3695 440 3745 01.

239 3783 261 3850 ⁸)
280 3786 404 3839 conum
428 3785 507 3838 etiam
524 3786 583 3838 nel.
602 3771 652 3839 ot
679 3783 818 3866 συμφορᾶς
844 3780 1007 3866 usurpatae
1034 3804 1058 3840 v.
1078 3789 1128 3839 sss
1157 3784 1206 3862 «ἧς
1230 3780 1308 3860 «ύχης

167 3868 318 3949 τδδσλμονος
326 3865 448 3950 rixosum
458 3873 519 3925 Jon.
532 3876 597 3926 1600
606 3869 745 3953 νδδαλμονσ
753 3868 862 3952 πότμον,
872 3872 918 3924 ubi
926 3879 1020 3935 umen,
1037 3887 1096 3923 oum
1106 3868 1244 3938 donum·
1254 3875 1310 3928 Μ·

169 3959 275 4036 δαλμσν,
293 3952 397 4035 ἀτυχής
414 3951 552 4034 δοστοχῆς
569 3958 615 4010 vix
634 3961 690 4027 jem
709 3959 908 4027 compositorum
928 3959 978 4011 vim
993 3959 1167 4023 servaverint,
1195 3959 1228 4012 do
1244 3958 1310 4027 quio·

169 4049 257 4096 soente
275 4044 382 4098 ulterius
399 4045 508 4096 membri
524 4061 603 4096 sensu
621 4044 706 4096 dieere
724 4062 776 4098 non
793 4047 884 4097 susim.

240 4136 261 4203 ³)
282 4137 418 4206 Singulare
436 4137 608 4191 abundantiae
627 4138 776 4207 exemplum
794 4139 874 4192 hebes
892 4139 970 4193 etium
988 4140 1051 4191 Her.
1080 4141 1130 4191 lor.
1151 4138 1234 4194 1070*
1250 4131 1309 4196 α’πδ·

168 4244 260 4299 νρυφον
279 4224 359 4300 δέμας
377 4223 474 4300 κρύφα,
492 4225 565 4292 quod
582 4220 649 4277 nihil
667 4226 754 4279 differt
765 4242 781 4277 o
792 4226 872 4307 δέμας
891 4221 1046 4301 ἀποκρύψω
1064 4225 1098 4278 of.
1115 4224 1178 4278 Joh.
1197 4222 1308 4278 memte

170 4307 236 4360 tium
253 4308 269 4361 l.
289 4325 311 4362 o.
330 4327 355 4378 p.
373 4314 416 4364 06.
