2738 4830
641 406 866 517 -162ss

182 638 350 721 genetivus
382 659 452 700 cum
482 636 631 723 primario
661 637 789 698 nomine
821 635 1008 719 conjunctus
1038 642 1094 696 est.
1137 630 1220 696 Inde
1241 633 1319 696 cuim

183 744 435 808 commodissime
466 743 657 831 explicatur,
690 741 847 828 quomodo
878 742 1066 828 permissum
1101 741 1207 828 poetis
1233 738 1323 803 fuerit

185 852 385 938 aliquatenus
434 853 588 915 rationem
631 851 765 935 logicam
806 851 839 913 in
879 849 1010 936 epitheti
1051 849 1206 913 relatione
1251 869 1323 931 ueg-

187 960 304 1043 legere.
348 958 467 1023 Prioris
497 960 593 1044 igitur
625 959 752 1042 generis
778 967 893 1021 natura
923 959 955 1020 in
977 958 1141 1020 notissimo
1162 964 1325 1043 poetarum

186 1066 314 1130 dicendi
347 1089 407 1130 usu
440 1067 543 1151 posita
572 1074 635 1148 est,
668 1088 708 1130 ex
739 1086 802 1150 quo
831 1065 924 1128 unius
955 1064 1143 1127 substantivi
1164 1064 1325 1127 notionem

190 1173 313 1239 duobus
322 1174 579 1238 circumscribere
592 1174 696 1237 solent
708 1173 897 1237 nominibus.
920 1158 1076 1258 Itaqueiri
1084 1172 1328 1258 periphrasticos

188 1281 525 1360 circumlocutionibus,
552 1282 661 1366 quales
681 1289 755 1344 aunt
772 1279 887 1344 ποδοῖν
905 1273 1009 1356 α’κμαῖ
1026 1301 1084 1364 pro
1108 1270 1222 1358 πόδες,
1241 1273 1334 1360 ὄμμα

188 1409 314 1473 νυμφης
328 1410 386 1474 pro
407 1380 524 1474 νύμφη,
547 1379 663 1462 κόκλος
682 1382 778 1472 ἦλλου
798 1409 856 1472 pro
876 1376 977 1472 ἥλιος,
998 1381 1065 1472 φυή
1086 1379 1252 1472 Γοργόνος
1272 1409 1341 1473 pro

190 1501 220 1564 Γ
217 1489 309 1580 οργώ,
331 1487 508 1582 βλεφάρων
520 1492 604 1579 ἕδρα
618 1518 675 1583 pro
690 1491 851 1579 βλέφαρα,
867 1504 900 1559 et
910 1494 1064 1558 similibus
1078 1516 1150 1558 cum
1165 1495 1336 1581 epitheton

188 1602 362 1687 accederet,
385 1625 447 1667 non
468 1626 540 1668 raro
561 1603 675 1684 fiebat,
708 1612 743 1666 ut
762 1603 824 1666 hoc
845 1624 917 1666 cum
938 1603 1063 1688 regenti
1083 1604 1231 1686 nomine,
1266 1625 1337 1668 non

188 1733 260 1775 cum
281 1713 431 1796 genetivo
461 1712 670 1798 copularetur.
713 1711 879 1775 Habemus
899 1710 995 1794 igitur
1027 1702 1194 1796 πανόπτην
1216 1703 1331 1775 κύκλον

188 1813 280 1903 ἦλλου
292 1818 405 1883 Aesch.
413 1817 520 1882 Prom.
528 1819 565 1882 91
576 1841 584 1899 3
596 1814 768 1902 διατόρους
776 1819 892 1882 ποδοῖν
903 1808 1006 1891 οἷκμός
1014 1815 1113 1904 Soph.
1125 1816 1166 1883 0.
1182 1818 1326 1900 R.1034;

187 1920 416 2010 α’μφινυλκητον
426 1920 515 2006 όμμα
527 1917 652 2011 νύμφης
661 1925 776 1989 Trach.
788 1927 865 2007 5273
890 1914 1093 2004 λαιμοτόμαν
1113 1920 1201 2009 φυοῖν
1212 1930 1242 1991 Γ
1238 1918 1320 2010 0076-

189 2053 239 2107 νος
251 2033 328 2096 Eur.
340 2032 389 2097 El.
400 2035 497 2114 459*;
520 2024 695 2119 βλεφάρων
712 2028 987 2118 γοργωπόνὲδραν
1001 2033 1097 2096 Rhes.
1109 2033 1156 2098 8²⁸.
1192 2013 1325 2099 (lausum

193 2162 269 2203 vero
282 2140 475 2223 trajectionis
486 2142 519 2202 in
531 2141 580 2203 bis
595 2139 813 2226 similibusque
828 2141 981 2227 exemplis
992 2139 1033 2205 G.
1044 2139 1083 2203 R.
1100 2138 1291 2205 Schmidtius
1300 2143 1317 2222 ¹)

191 2256 277 2311 recte
304 2246 337 2309 in
366 2248 437 2334 ipsa
469 2247 743 2311 circumlocutione
776 2249 861 2311 cerni
879 2247 1021 2333 judicat,
1042 2270 1118 2334 qua
1138 2249 1269 2313 nomina
1286 2249 1319 2310 ita

192 2355 363 2441 conjuncta
384 2357 454 2436 sint,
476 2366 511 2419 ut
531 2356 724 2420 nominativo
739 2356 906 2442 genetivus
921 2355 1047 2419 omniuo
1069 2364 1227 2440 potestate
1248 2377 1283 2419 ac
1295 2355 1317 2416 vi

190 2461 321 2526 inferior
343 2463 391 2526 sit.
416 2499 450 2510 -
474 2464 552 2530 Jam
573 2464 613 2526 ad
635 2462 766 2527 alterum
788 2486 891 2549 genus
914 2464 1017 2544 venio,
1039 2463 1129 2547 cujus
1147 2464 1181 2527 in
1203 2485 1240 2527 eo
1260 2484 1318 2526 ver-

193 2579 278 2634 satur
298 2580 425 2652 natura,
453 2570 537 2656 quod
569 2571 802 2635 substantivum
832 2593 903 2635 cum
935 2573 1085 2654 genetivo
1106 2571 1138 2633 in
1161 2592 1256 2634 unam
1275 2591 1318 2632 no·

191 2679 311 2742 tionem
343 2680 433 2764 quasi
455 2679 615 2760 coalescit,
648 2677 698 2742 cui
719 2680 888 2764 apponitur
919 2678 1032 2741 deinde
1055 2677 1237 2765 epitheton3
1268 2675 1318 2740 <luo

191 2797 296 2851 autem
319 2787 490 2867 elementa,
524 2809 542 2851 e
563 2787 678 2873 quibus
699 2788 788 2850 notio
809 2787 864 2851 illa
885 2788 1060 2872 composita
1083 2795 1150 2868 est,
1173 2787 1200 2848 si
1219 2804 1319 2872 perse

191 2894 452 2973 considerantur,
483 2895 587 2980 magis
608 2908 685 2973 sans
721 2893 862 2980 genetivi
896 2915 991 2981 quam
1019 2893 1161 2979 primarii
1196 2893 1320 2956 nominis

193 3002 296 3066 sensui
320 3001 482 3088 epitheton
504 3002 674 3065 convenire
694 3001 847 3065 invenies.
894 3000 1004 3085 Atque
1026 3001 1058 3062 iu
1081 3000 1243 3063 vertendis
1264 2999 1319 3084 qui·

195 3107 267 3172 dem
299 3108 331 3172 id
363 3130 464 3193 genus
496 3108 645 3194 epithetis
677 3117 806 3173 nostrae
827 3109 955 3192 linguae
975 3107 1130 3193 majorem
1152 3130 1247 3194 quam
1269 3106 1322 3171 Ro-

195 3237 307 3279 manae
329 3217 476 3279 virtutem
493 3226 523 3279 et
537 3217 764 3302 praestantiam
781 3216 855 3301 jure
869 3217 1040 3298 miramur3
1062 3235 1119 3278 nos
1132 3215 1218 3278 enim
1238 3233 1323 3278 uuam

194 3322 279 3386 illam
300 3324 463 3386 notionem
495 3333 629 3409 utroque
659 3323 856 3389 substantivo
877 3323 1020 3386 effectam
1043 3323 1218 3408 composito
1240 3321 1324 3409 aptis·

195 3431 274 3494 sime
296 3431 492 3495 substantivo
514 3430 673 3494 reddimus
686 3430 723 3513 ²).
766 3427 862 3507 Quod
883 3431 986 3494 elucet
1020 3452 1058 3494 ex
1079 3429 1192 3504 εὐαεῖς
1213 3425 1327 3510 α’νέμυν

195 3536 293 3601 πνοαί
321 3537 394 3602 Hel.
425 3539 545 3606 1504*=
574 3539 700 3604 liebliola
719 3539 880 3605 πολουδον
919 3538 1137 3620 Windhaus&
1167 3529 1327 3616 εὐδόκιμον

194 3636 338 3710 θανάτου
356 3649 455 3730 μέρος
475 3644 602 3711 Heracl.
623 3646 704 3711 621*
725 3640 912 3711 νυλυιυοῖλοο
948 3646 1124 3727 Todeslooa,
1148 3648 1327 3733 quibuscum

197 3753 368 3818 contulisse
385 3754 479 3839 juvat
498 3754 615 3819 Latina
638 3778 645 3818 :
672 3754 919 3821 Thessalico
939 3755 1183 3820 οοπολανιτυι
1204 3755 1328 3821 colors

199 3962 395 3972 *—

267 4107 287 4171 ¹)
306 4107 344 4156 De
371 4105 479 4172 epitheti
496 4106 523 4156 in
541 4107 683 4172 porIphrasi
700 4106 919 4159 substantivorum
943 4108 1104 4174 trajectione,
1130 4109 1236 4175 Torgau
1263 4107 1326 4164 1049,

187 4201 224 4258 ’μ
243 4193 265 4242 9.

266 4303 288 4375 ⁸)
306 4307 339 4356 cl.
359 4307 389 4358 G.
407 4306 438 4357 R.
457 4304 636 4369 Schmidtium,
654 4307 672 4357 l.
690 4321 713 4357 c.
730 4322 754 4372 p.
776 4309 807 4357 10
825 4311 852 4359 at
867 4306 928 4358 Joh.
946 4306 1118 4359 Schmidtium
1137 4307 1154 4358 l.
1173 4321 1196 4358 ο.
1215 4321 1240 4372 p
1258 4307 1295 4354 28.
