2738 4830
575 416 781 479 ..56-

114 595 183 660 dari
203 593 368 658 videbatur
389 596 577 682 explicatio,
611 617 710 682 quaro
730 596 762 659 in
783 596 844 660 hac
863 595 961 660 malui
991 617 1089 682 quam
1110 596 1143 659 in
1163 604 1238 660 aute·

114 701 239 767 cedenti
267 703 469 789 paragrapho
500 703 552 767 illa
581 704 731 790 proferre.
754 740 793 751 —-
824 702 879 767 Ad
912 712 1091 767 extremum
1112 701 1153 766 de
1172 724 1241 767 voce

110 806 323 892 ταλαίπωρος
350 800 562 895 conjecturam
596 810 702 874 faeere
734 810 839 876 liceat.
882 810 933 875 Ac
966 819 1089 898 partem
1122 810 1242 896 quidem

111 916 206 1003 hujus
247 918 385 1002 priorem
435 939 505 981 cum
556 917 656 982 verbo
709 917 845 1003 quodam
892 918 1061 981 cohaerere
1114 913 1243 1000 entole,

113 1023 199 1110 quod
244 1023 413 1110 aliquando
466 1025 624 1088 exstitisse
685 1024 879 1089 credendum
927 1033 995 1106 est,
1033 1023 1104 1110 jam
1146 1046 1244 1112 nuper

114 1130 243 1198 Curtius
267 1131 496 1196 demonstravit
508 1133 534 1213 1)
556 1132 610 1216 (cf.
632 1136 652 1214 ὅ
673 1132 702 1213 8,
723 1133 744 1197 6
764 1155 795 1218 p.
817 1132 873 1216 32)
895 1154 954 1196 nec
975 1132 1017 1196 de
1039 1132 1144 1196 altera
1162 1142 1247 1220 parte

111 1240 196 1303 idem
207 1239 258 1302 ille
273 1261 403 1324 prorsus
413 1239 548 1321 reticuit,
570 1261 666 1325 quam
681 1262 701 1303 a
713 1238 820 1304 radice
839 1259 903 1325 περ
913 1241 940 1323 ¹)
962 1239 1246 1325 emanavissejudi·

113 1357 171 1412 cat.
214 1346 287 1411 Hoc
307 1356 411 1410 autem
433 1346 592 1433 quomodo
614 1346 733 1411 factum
755 1369 825 1413 esse
846 1347 905 1411 sibi
924 1346 1062 1431 fingeret
1096 1347 1147 1410 vir
1178 1348 1248 1411 doc-

112 1456 249 1519 tissimus
279 1455 441 1542 hucusque
471 1455 603 1541 quidem
630 1453 770 1520 nondum
802 1455 957 1542 exposuit
1010 1452 1121 1532 Quare
1142 1463 1247 1519 nostro

112 1564 215 1628 Marte
246 1583 397 1627 conemur
430 1564 488 1627 hac
519 1564 551 1627 in
580 1586 616 1628 re
646 1564 827 1650 procedere.
870 1562 982 1649 Itaque
1008 1587 1029 1628 a
1056 1562 1166 1628 radice
1187 1584 1248 1649 nep

2 1678 5 1684 '
113 1671 225 1737 eadem
253 1672 369 1736 voculis
390 1673 658 1757 exaggeratione,
693 1672 794 1757 qualis
814 1673 847 1735 in
867 1663 942 1756 φώρ
964 1671 1008 1754 (V
1034 1671 1131 1757 φερ),
1154 1669 1249 1753 δῶμα

113 1778 158 1864 (V
185 1780 262 1863 δεμ)
289 1780 357 1844 aliis
378 1781 576 1865 conspicitur,
599 1780 831 1844 substantivum
852 1785 967 1863 euripos
986 1779 1166 1866 profectum
1181 1801 1248 1844 esse

113 1887 329 1952 contenderim
358 1908 454 1951 sensu
481 1886 590 1951 Latini
615 1887 826 1972 peri-calam.
869 1885 965 1965 Quod
994 1889 1020 1951 ai
1040 1886 1118 1952 mihi
1140 1908 1247 1953 conce·

114 1993 198 2058 ditur
217 1993 427 2077 ταλαίπωρος
453 1995 590 2080 primum
617 1996 703 2059 valet
717 2000 732 2058 ¹:
753 1994 891 2060 tolerans
904 1994 1064 2081 peracuta,
1101 1993 1245 2058 deinde:

112 2103 217 2182 miser,
237 2102 366 2185 infidae.
398 2101 565 2167 Invenitur
584 2103 634 2167 his
647 2104 724 2167 locis
745 2126 753 2167 ε
775 2101 879 2170 Andr.
896 2102 968 2183 571,
991 2102 1107 2184 1206*,
1132 2101 1246 2166 Bacch.

114 2209 193 2292 280,
215 2209 295 2273 Hec.
316 2210 366 2291 25,
389 2212 488 2294 1170,
517 2210 590 2274 Hel.
613 2211 661 2294 78,
683 2212 765 2292 608,
786 2209 838 2274 ΕΙ.
859 2211 940 2293 334,
971 2208 1049 2272 Her.
1071 2209 1133 2273 fur.
1159 2209 1245 2274 1233.

115 2315 227 2404 Suppl.
255 2316 332 2400 734,
354 2319 430 2400 765,
458 2319 536 2403 949,
557 2319 654 2399 964*,
679 2319 777 2401 1094,
798 2317 896 2404 Hipp.
919 2318 1017 2400 1423,
1038 2317 1070 2383 J.
1094 2319 1135 2380 A.
1158 2319 1244 2400 370²,

111 2426 190 2508 491,
219 2425 314 2508 875*,
346 2424 379 2491 J.
402 2423 441 2488 Τ.
461 2426 540 2508 479,
569 2426 648 2507 555,
669 2424 745 2491 Jon.
766 2426 843 2508 320,
873 2425 952 2503 364,
984 2423 1077 2512 Oykl.
1098 2424 1150 2509 89,
1171 2426 1246 2506 381,

115 2533 171 2599 Or.
193 2534 263 2616 258,
285 2533 356 2614 392,
378 2533 449 2616 662,
471 2534 568 2616 1026,
587 2532 707 2598 Troad.
729 2533 826 2615 1276,
847 2531 968 2596 Phoen.
991 2531 1081 2614 1609,
1105 2533 1195 2598 1645.

658 3056 694 3144 Β.

589 3259 777 3338 Ver-balio.

193 3459 213 3538 ξ
238 3456 285 3521 16.
328 3456 512 3522 Verbalium
543 3455 771 3543 dependentiae
794 3459 1038 3545 compositorum
1061 3480 1131 3522 cum
1153 3460 1247 3523 multo

112 3562 212 3648 major
233 3563 317 3650 apud
339 3564 527 3653 Euripidem
550 3587 644 3650 quam
667 3565 871 3630 nominalium
893 3587 1042 3629 numerus
1062 3566 1245 3649 inveniatur,

113 3692 205 3754 nunc,
235 3681 270 3735 ut
299 3672 466 3759 perspicua
495 3672 640 3757 beneque
664 3673 839 3758 composita
871 3673 912 3737 sit
934 3673 1151 3759 exemplorum
1174 3694 1243 3737 cnu-

112 3779 254 3860 meratio,
276 3801 333 3865 pro
353 3779 567 3844 intercedente
587 3782 668 3844 inter
688 3781 795 3867 priora
813 3779 1013 3866 secundaque
1027 3780 1170 3844 membra
1183 3801 1245 3844 reo·

184 4079 203 4148 ι)
222 4083 319 4131 Tamen
336 4082 492 4134 Frimchins
509 4082 663 4150 hyphearesi
684 4098 733 4134 sua
755 4083 864 4149 priorem
890 4089 987 4149 partem
1006 4083 1136 4151 explicare
1153 4082 1241 4142 studet,

113 4168 185 4219 curt.
204 4168 276 4218 etur.
294 4168 338 4217 vu
356 4182 381 4233 p.
401 4171 456 4228 ron
474 4174 506 4219 ut
522 4174 686 4245 «ωιωμς
703 4169 738 4221 aa
753 4186 799 4235 pro
816 4165 1019 4242 ‹arnt-nopes.

179 4259 287 4328 ¹)Ourt
306 4260 364 4312 Gr.⁴
381 4276 405 4328 p.
425 4263 482 4312 332.
