<?xml version="1.0" encoding="UTF-8"?>
<!DOCTYPE html PUBLIC "-//W3C//DTD XHTML 1.0 Transitional//EN"
    "http://www.w3.org/TR/xhtml1/DTD/xhtml1-transitional.dtd">
<html xmlns="http://www.w3.org/1999/xhtml" xml:lang="en" lang="en">
 <head>
  <title>
</title>
<meta http-equiv="Content-Type" content="text/html;charset=utf-8" />
  <meta name='ocr-system' content='tesseract 3.04.00' />
  <meta name='ocr-capabilities' content='ocr_page ocr_carea ocr_par ocr_line ocrx_word'/>
</head>
<body>
  <div class='ocr_page' id='page_1' title='image "./deepithetorumco00roemgoog_0145.png"; bbox 0 0 2738 4830; ppageno 0'>
   <div class='ocr_carea' id='block_1_1' title="bbox 553 414 797 480">
    <p class='ocr_par' dir='ltr' id='par_1_1' title="bbox 553 414 797 480">
     <span class='ocr_line' id='line_1_1' title="bbox 553 414 797 480; baseline 0.025 -23"><span class='ocrx_word' id='word_1_1' title='bbox 553 414 797 480; x_wconf 76' lang='lat'><strong>...122-</strong></span> 
     </span>
    </p>
   </div>
   <div class='ocr_carea' id='block_1_2' title="bbox 94 585 1275 3696">
    <p class='ocr_par' dir='ltr' id='par_1_2' title="bbox 118 585 1254 682">
     <span class='ocr_line' id='line_1_2' title="bbox 118 585 1254 682; baseline -0.002 -21"><span class='ocrx_word' id='word_1_2' title='bbox 118 617 176 661; x_wconf 88' lang='lat' dir='ltr'><strong>usu</strong></span> <span class='ocrx_word' id='word_1_3' title='bbox 205 597 249 660; x_wconf 94' lang='lat' dir='ltr'><strong>nil</strong></span> <span class='ocrx_word' id='word_1_4' title='bbox 278 596 319 660; x_wconf 88' lang='lat' dir='ltr'><strong>ab</strong></span> <span class='ocrx_word' id='word_1_5' title='bbox 341 596 512 661; x_wconf 86' lang='lat' dir='ltr'><strong>Homerico</strong></span> <span class='ocrx_word' id='word_1_6' title='bbox 533 585 661 663; x_wconf 76' lang='grc' dir='ltr'><strong><em>ἱππότα</em></strong></span> <span class='ocrx_word' id='word_1_7' title='bbox 682 596 803 680; x_wconf 79' lang='lat' dir='ltr'><strong>differt3</strong></span> <span class='ocrx_word' id='word_1_8' title='bbox 832 605 1002 682; x_wconf 83' lang='lat' dir='ltr'><strong>utrumqne</strong></span> <span class='ocrx_word' id='word_1_9' title='bbox 1024 594 1108 658; x_wconf 89' lang='lat' dir='ltr'><strong>enim</strong></span> <span class='ocrx_word' id='word_1_10' title='bbox 1131 615 1169 658; x_wconf 89' lang='lat' dir='ltr'><strong>eo</strong></span> <span class='ocrx_word' id='word_1_11' title='bbox 1190 602 1254 659; x_wconf 83' lang='lat' dir='ltr'><strong>tan·</strong></span> 
     </span>
    </p>

    <p class='ocr_par' dir='ltr' id='par_1_3' title="bbox 117 702 1256 791">
     <span class='ocr_line' id='line_1_3' title="bbox 117 702 1256 791; baseline -0.003 -24"><span class='ocrx_word' id='word_1_12' title='bbox 117 712 183 767; x_wconf 92' lang='lat' dir='ltr'><strong>tum</strong></span> <span class='ocrx_word' id='word_1_13' title='bbox 205 704 298 788; x_wconf 87' lang='lat' dir='ltr'><strong>valet,</strong></span> <span class='ocrx_word' id='word_1_14' title='bbox 320 714 355 768; x_wconf 88' lang='lat' dir='ltr'><strong>ut</strong></span> <span class='ocrx_word' id='word_1_15' title='bbox 375 704 542 769; x_wconf 85' lang='lat' dir='ltr'><strong>militarem</strong></span> <span class='ocrx_word' id='word_1_16' title='bbox 563 706 631 791; x_wconf 88' lang='lat' dir='ltr'><strong>ejus</strong></span> <span class='ocrx_word' id='word_1_17' title='bbox 649 705 797 769; x_wconf 89' lang='lat' dir='ltr'><strong>virtutem</strong></span> <span class='ocrx_word' id='word_1_18' title='bbox 818 705 876 768; x_wconf 93' lang='lat' dir='ltr'><strong>tibi</strong></span> <span class='ocrx_word' id='word_1_19' title='bbox 893 710 1122 789; x_wconf 84' lang='lat' dir='ltr'><strong>repraesentet,</strong></span> <span class='ocrx_word' id='word_1_20' title='bbox 1144 702 1195 767; x_wconf 88' lang='lat' dir='ltr'><strong>eui</strong></span> <span class='ocrx_word' id='word_1_21' title='bbox 1210 711 1256 765; x_wconf 91' lang='lat' dir='ltr'><strong>est</strong></span> 
     </span>
    </p>

    <p class='ocr_par' dir='ltr' id='par_1_4' title="bbox 116 807 1256 898">
     <span class='ocr_line' id='line_1_4' title="bbox 116 807 1256 898; baseline -0.001 -24"><span class='ocrx_word' id='word_1_22' title='bbox 116 811 221 896; x_wconf 91' lang='lat' dir='ltr'><strong>ipsum</strong></span> <span class='ocrx_word' id='word_1_23' title='bbox 242 810 393 876; x_wconf 87' lang='lat' dir='ltr'><strong>additum.</strong></span> <span class='ocrx_word' id='word_1_24' title='bbox 429 811 544 898; x_wconf 90' lang='lat' dir='ltr'><strong>Itaque</strong></span> <span class='ocrx_word' id='word_1_25' title='bbox 564 812 723 897; x_wconf 87' lang='lat' dir='ltr'><strong>bonejam</strong></span> <span class='ocrx_word' id='word_1_26' title='bbox 745 812 785 875; x_wconf 89' lang='lat' dir='ltr'><strong>ad</strong></span> <span class='ocrx_word' id='word_1_27' title='bbox 801 811 857 877; x_wconf 88' lang='lat' dir='ltr'><strong>Or.</strong></span> <span class='ocrx_word' id='word_1_28' title='bbox 883 812 981 877; x_wconf 84' lang='grc'><strong>1000*</strong></span> <span class='ocrx_word' id='word_1_29' title='bbox 1003 808 1132 894; x_wconf 82' lang='grc' dir='ltr'><strong><em>Ἀτρέος</em></strong></span> <span class='ocrx_word' id='word_1_30' title='bbox 1153 807 1256 875; x_wconf 81' lang='grc' dir='ltr'><strong><em>ἱππο-</em></strong></span> 
     </span>
    </p>

    <p class='ocr_par' dir='ltr' id='par_1_5' title="bbox 115 907 1258 1006">
     <span class='ocr_line' id='line_1_5' title="bbox 115 907 1258 1006; baseline -0.003 -24"><span class='ocrx_word' id='word_1_31' title='bbox 115 907 202 1001; x_wconf 81' lang='grc' dir='ltr'><strong><em>βότα</em></strong></span> <span class='ocrx_word' id='word_1_32' title='bbox 217 919 384 983; x_wconf 76' lang='lat' dir='ltr'><strong>scholiasta</strong></span> <span class='ocrx_word' id='word_1_33' title='bbox 398 929 504 984; x_wconf 87' lang='lat' dir='ltr'><strong>menet</strong></span> <span class='ocrx_word' id='word_1_34' title='bbox 526 910 693 999; x_wconf 78' lang='grc' dir='ltr'><strong><em>ἱπποβότα</em></strong></span> <span class='ocrx_word' id='word_1_35' title='bbox 712 913 838 994; x_wconf 87' lang='grc' dir='ltr'><strong><em>λ’ππονς</em></strong></span> <span class='ocrx_word' id='word_1_36' title='bbox 857 919 1029 1006; x_wconf 76' lang='grc' dir='ltr'><em>τρέφοντος</em></span> <span class='ocrx_word' id='word_1_37' title='bbox 1049 915 1118 982; x_wconf 83' lang='grc' dir='ltr'><strong><em>καί</em></strong></span> <span class='ocrx_word' id='word_1_38' title='bbox 1139 910 1258 990; x_wconf 76' lang='grc' dir='ltr'><strong><em>ἵπποις</em></strong></span> 
     </span>
    </p>

    <p class='ocr_par' dir='ltr' id='par_1_6' title="bbox 115 1023 1257 1112">
     <span class='ocr_line' id='line_1_6' title="bbox 115 1023 1257 1112; baseline -0.003 -22"><span class='ocrx_word' id='word_1_39' title='bbox 115 1023 345 1106; x_wconf 78' lang='grc' dir='ltr'><strong><em>ἐπιβαίνοντος,</em></strong></span> <span class='ocrx_word' id='word_1_40' title='bbox 368 1025 453 1112; x_wconf 89' lang='lat' dir='ltr'><strong>quod</strong></span> <span class='ocrx_word' id='word_1_41' title='bbox 475 1025 603 1112; x_wconf 89' lang='lat' dir='ltr'><strong>quidem</strong></span> <span class='ocrx_word' id='word_1_42' title='bbox 625 1027 762 1091; x_wconf 83' lang='lat' dir='ltr'><strong>librariis</strong></span> <span class='ocrx_word' id='word_1_43' title='bbox 777 1026 1000 1090; x_wconf 91' lang='lat' dir='ltr'><strong>nonnullorum</strong></span> <span class='ocrx_word' id='word_1_44' title='bbox 1013 1024 1144 1088; x_wconf 88' lang='lat' dir='ltr'><strong>minoris</strong></span> <span class='ocrx_word' id='word_1_45' title='bbox 1165 1032 1257 1088; x_wconf 84' lang='lat' dir='ltr'><strong>notae</strong></span> 
     </span>
    </p>

    <p class='ocr_par' dir='ltr' id='par_1_7' title="bbox 115 1123 1258 1220">
     <span class='ocr_line' id='line_1_7' title="bbox 115 1123 1258 1220; baseline 0 -24"><span class='ocrx_word' id='word_1_46' title='bbox 115 1132 260 1197; x_wconf 88' lang='lat' dir='ltr'><strong>codicum</strong></span> <span class='ocrx_word' id='word_1_47' title='bbox 291 1135 336 1199; x_wconf 86' lang='lat' dir='ltr'><strong>ita</strong></span> <span class='ocrx_word' id='word_1_48' title='bbox 366 1133 467 1199; x_wconf 82' lang='lat' dir='ltr'><strong>fraudi</strong></span> <span class='ocrx_word' id='word_1_49' title='bbox 499 1133 598 1197; x_wconf 83' lang='lat' dir='ltr'><strong>fuisse</strong></span> <span class='ocrx_word' id='word_1_50' title='bbox 630 1132 773 1216; x_wconf 82' lang='lat' dir='ltr'><strong>videtur,</strong></span> <span class='ocrx_word' id='word_1_51' title='bbox 806 1143 839 1199; x_wconf 91' lang='lat' dir='ltr'><strong>ut</strong></span> <span class='ocrx_word' id='word_1_52' title='bbox 868 1133 1054 1220; x_wconf 81' lang='lat' dir='ltr'>Euripidem</span> <span class='ocrx_word' id='word_1_53' title='bbox 1085 1123 1258 1212; x_wconf 73' lang='grc' dir='ltr'><strong><em>ίπποβοίτα</em></strong></span> 
     </span>
    </p>

    <p class='ocr_par' dir='ltr' id='par_1_8' title="bbox 115 1238 1258 1327">
     <span class='ocr_line' id='line_1_8' title="bbox 115 1238 1258 1327; baseline -0.003 -22"><span class='ocrx_word' id='word_1_54' title='bbox 115 1242 280 1327; x_wconf 79' lang='lat' dir='ltr'>scripsisse</span> <span class='ocrx_word' id='word_1_55' title='bbox 303 1263 373 1305; x_wconf 87' lang='lat' dir='ltr'><strong>cum</strong></span> <span class='ocrx_word' id='word_1_56' title='bbox 394 1241 638 1322; x_wconf 77' lang='lat' dir='ltr'><strong>arbitrarentur,</strong></span> <span class='ocrx_word' id='word_1_57' title='bbox 662 1241 722 1304; x_wconf 92' lang='lat' dir='ltr'><strong>hoc</strong></span> <span class='ocrx_word' id='word_1_58' title='bbox 752 1242 845 1305; x_wconf 86' lang='lat' dir='ltr'><strong>etiam</strong></span> <span class='ocrx_word' id='word_1_59' title='bbox 866 1241 899 1304; x_wconf 93' lang='lat' dir='ltr'><strong>in</strong></span> <span class='ocrx_word' id='word_1_60' title='bbox 924 1249 1046 1305; x_wconf 84' lang='lat' dir='ltr'><strong>textum</strong></span> <span class='ocrx_word' id='word_1_61' title='bbox 1068 1238 1258 1325; x_wconf 78' lang='lat' dir='ltr'><strong>reciperent</strong></span> 
     </span>
    </p>

    <p class='ocr_par' dir='ltr' id='par_1_9' title="bbox 113 1338 1275 2406">
     <span class='ocr_line' id='line_1_9' title="bbox 115 1338 1274 1435; baseline -0.003 -22"><span class='ocrx_word' id='word_1_62' title='bbox 115 1350 167 1413; x_wconf 90' lang='lat' dir='ltr'><strong>De</strong></span> <span class='ocrx_word' id='word_1_63' title='bbox 189 1347 234 1435; x_wconf 77' lang='lat' dir='ltr'><strong>,J.</strong></span> <span class='ocrx_word' id='word_1_64' title='bbox 258 1349 299 1413; x_wconf 88' lang='lat' dir='ltr'><strong>A.</strong></span> <span class='ocrx_word' id='word_1_65' title='bbox 324 1350 422 1414; x_wconf 82' lang='lat'>1059*</span> <span class='ocrx_word' id='word_1_66' title='bbox 452 1345 571 1425; x_wconf 80' lang='grc' dir='ltr'><strong><em>θίασος</em></strong></span> <span class='ocrx_word' id='word_1_67' title='bbox 602 1343 716 1431; x_wconf 72' lang='grc' dir='ltr'><strong><em>ἔμολεν</em></strong></span> <span class='ocrx_word' id='word_1_68' title='bbox 747 1338 936 1428; x_wconf 78' lang='grc' dir='ltr'><strong><em>ἱπποβότας</em></strong></span> <span class='ocrx_word' id='word_1_69' title='bbox 971 1339 1167 1433; x_wconf 78' lang='grc' dir='ltr'><strong><em>Κενταύρων</em></strong></span> <span class='ocrx_word' id='word_1_70' title='bbox 1174 1396 1184 1429; x_wconf 84' lang='grc'>,</span> <span class='ocrx_word' id='word_1_71' title='bbox 1207 1347 1274 1411; x_wconf 77' lang='lat' dir='ltr'><strong>ubi</strong></span> 
     </span>
     <span class='ocr_line' id='line_1_10' title="bbox 115 1449 1275 1543; baseline -0.003 -19"><span class='ocrx_word' id='word_1_72' title='bbox 115 1449 305 1539; x_wconf 81' lang='grc' dir='ltr'><strong><em>ἱπποβότας</em></strong></span> <span class='ocrx_word' id='word_1_73' title='bbox 328 1456 528 1522; x_wconf 83' lang='lat' dir='ltr'><strong>scribendum</strong></span> <span class='ocrx_word' id='word_1_74' title='bbox 550 1480 613 1522; x_wconf 91' lang='lat' dir='ltr'><strong>non</strong></span> <span class='ocrx_word' id='word_1_75' title='bbox 635 1458 715 1522; x_wconf 91' lang='lat' dir='ltr'><strong>bene</strong></span> <span class='ocrx_word' id='word_1_76' title='bbox 731 1457 792 1520; x_wconf 88' lang='lat' dir='ltr'><strong>Tb.</strong></span> <span class='ocrx_word' id='word_1_77' title='bbox 808 1456 1058 1543; x_wconf 73' lang='lat' dir='ltr'><strong>Gomperaius1)</strong></span> <span class='ocrx_word' id='word_1_78' title='bbox 1083 1457 1275 1543; x_wconf 81' lang='lat' dir='ltr'><strong>proposuit,</strong></span> 
     </span>
     <span class='ocr_line' id='line_1_11' title="bbox 114 1556 1274 1652; baseline -0.003 -23"><span class='ocrx_word' id='word_1_79' title='bbox 114 1566 196 1646; x_wconf 75' lang='lat'><strong>§72</strong></span> <span class='ocrx_word' id='word_1_80' title='bbox 225 1565 374 1651; x_wconf 85' lang='lat' dir='ltr'><strong>inspicias</strong></span> <span class='ocrx_word' id='word_1_81' title='bbox 396 1601 436 1612; x_wconf 95' lang='lat'>-</span> <span class='ocrx_word' id='word_1_82' title='bbox 458 1563 586 1629; x_wconf 84' lang='lat' dir='ltr'><strong>Novum</strong></span> <span class='ocrx_word' id='word_1_83' title='bbox 619 1565 736 1630; x_wconf 90' lang='lat' dir='ltr'><strong>Bacchi</strong></span> <span class='ocrx_word' id='word_1_84' title='bbox 771 1565 931 1652; x_wconf 84' lang='lat' dir='ltr'><strong>epitheton</strong></span> <span class='ocrx_word' id='word_1_85' title='bbox 963 1556 1061 1629; x_wconf 81' lang='lat' dir='ltr'><strong>habes</strong></span> <span class='ocrx_word' id='word_1_86' title='bbox 1095 1561 1174 1627; x_wconf 90' lang='lat' dir='ltr'><strong>Her.</strong></span> <span class='ocrx_word' id='word_1_87' title='bbox 1198 1562 1274 1626; x_wconf 82' lang='lat' dir='ltr'><strong>fur.</strong></span> 
     </span>
     <span class='ocr_line' id='line_1_12' title="bbox 114 1664 1274 1759; baseline -0.006 -18"><span class='ocrx_word' id='word_1_88' title='bbox 114 1673 194 1741; x_wconf 80' lang='lat'><strong>682*</strong></span> <span class='ocrx_word' id='word_1_89' title='bbox 228 1665 367 1759; x_wconf 82' lang='grc' dir='ltr'><strong><em>Βρόμιον</em></strong></span> <span class='ocrx_word' id='word_1_90' title='bbox 398 1664 573 1742; x_wconf 72' lang='grc' dir='ltr'><strong><em>οἰνοδόταν.</em></strong></span> <span class='ocrx_word' id='word_1_91' title='bbox 592 1712 634 1722; x_wconf 94' lang='grc'>-</span> <span class='ocrx_word' id='word_1_92' title='bbox 655 1674 800 1738; x_wconf 85' lang='lat' dir='ltr'><strong>Mutilata</strong></span> <span class='ocrx_word' id='word_1_93' title='bbox 832 1673 939 1738; x_wconf 87' lang='lat' dir='ltr'><strong>suffixi</strong></span> <span class='ocrx_word' id='word_1_94' title='bbox 970 1686 1003 1737; x_wconf 85' lang='lat' dir='ltr'><strong>to</strong></span> <span class='ocrx_word' id='word_1_95' title='bbox 1024 1673 1126 1736; x_wconf 87' lang='lat' dir='ltr'><strong>forma</strong></span> <span class='ocrx_word' id='word_1_96' title='bbox 1148 1672 1184 1756; x_wconf 66' lang='grc' dir='ltr'><strong>(ξ</strong></span> <span class='ocrx_word' id='word_1_97' title='bbox 1211 1671 1274 1748; x_wconf 93' lang='grc'><strong>10)</strong></span> 
     </span>
     <span class='ocr_line' id='line_1_13' title="bbox 114 1771 1274 1870; baseline -0.003 -25"><span class='ocrx_word' id='word_1_98' title='bbox 114 1783 306 1869; x_wconf 85' lang='lat' dir='ltr'><strong>conspicitur</strong></span> <span class='ocrx_word' id='word_1_99' title='bbox 336 1783 369 1846; x_wconf 90' lang='lat' dir='ltr'><strong>in</strong></span> <span class='ocrx_word' id='word_1_100' title='bbox 401 1771 581 1868; x_wconf 77' lang='grc' dir='ltr'><strong><em>α’νδροκμὴς</em></strong></span> <span class='ocrx_word' id='word_1_101' title='bbox 612 1783 698 1847; x_wconf 80' lang='lat' dir='ltr'><strong>viros</strong></span> <span class='ocrx_word' id='word_1_102' title='bbox 740 1780 944 1870; x_wconf 64' lang='grc' dir='ltr'><strong><em>δοίατίρσπι,</em></strong></span> <span class='ocrx_word' id='word_1_103' title='bbox 977 1781 1061 1866; x_wconf 92' lang='lat' dir='ltr'><strong>quod</strong></span> <span class='ocrx_word' id='word_1_104' title='bbox 1096 1780 1274 1866; x_wconf 74' lang='lat' dir='ltr'><strong>praeclare</strong></span> 
     </span>
     <span class='ocr_line' id='line_1_14' title="bbox 115 1881 1265 1977; baseline -0.002 -26"><span class='ocrx_word' id='word_1_105' title='bbox 115 1887 155 1953; x_wconf 91' lang='lat' dir='ltr'><strong>de</strong></span> <span class='ocrx_word' id='word_1_106' title='bbox 175 1911 285 1975; x_wconf 83' lang='lat' dir='ltr'><strong>pugna</strong></span> <span class='ocrx_word' id='word_1_107' title='bbox 300 1889 438 1954; x_wconf 82' lang='lat' dir='ltr'><strong>dicitur:</strong></span> <span class='ocrx_word' id='word_1_108' title='bbox 460 1889 571 1977; x_wconf 85' lang='lat' dir='ltr'><strong>Suppl.</strong></span> <span class='ocrx_word' id='word_1_109' title='bbox 586 1891 648 1956; x_wconf 78' lang='lat'><strong>525</strong></span> <span class='ocrx_word' id='word_1_110' title='bbox 663 1881 890 1974; x_wconf 70' lang='grc' dir='ltr'><strong><em>ἀνδροκμῆτας</em></strong></span> <span class='ocrx_word' id='word_1_111' title='bbox 903 1886 1098 1973; x_wconf 78' lang='grc' dir='ltr'><strong><em>προσφέρων</em></strong></span> <span class='ocrx_word' id='word_1_112' title='bbox 1111 1882 1265 1971; x_wconf 75' lang='grc' dir='ltr'><strong><em>ἀγωνίας.</em></strong></span> 
     </span>
     <span class='ocr_line' id='line_1_15' title="bbox 113 1990 1268 2080; baseline -0.001 -21"><span class='ocrx_word' id='word_1_113' title='bbox 113 1994 152 2059; x_wconf 94' lang='lat' dir='ltr'><strong>In</strong></span> <span class='ocrx_word' id='word_1_114' title='bbox 183 2015 257 2080; x_wconf 93' lang='grc' dir='ltr'><strong>τορ</strong></span> <span class='ocrx_word' id='word_1_115' title='bbox 290 1995 372 2060; x_wconf 90' lang='lat' dir='ltr'><strong>cadit</strong></span> <span class='ocrx_word' id='word_1_116' title='bbox 393 1996 602 2080; x_wconf 75' lang='grc' dir='ltr'><strong><em>παιδολέτωρ</em></strong></span> <span class='ocrx_word' id='word_1_117' title='bbox 624 2020 632 2060; x_wconf 91' lang='lat'>:</span> <span class='ocrx_word' id='word_1_118' title='bbox 655 1997 753 2063; x_wconf 88' lang='lat' dir='ltr'><strong>Rhes.</strong></span> <span class='ocrx_word' id='word_1_119' title='bbox 784 1997 864 2063; x_wconf 76' lang='lat'>549*</span> <span class='ocrx_word' id='word_1_120' title='bbox 890 1991 1093 2080; x_wconf 73' lang='grc' dir='ltr'><strong><em>παιδολέτωρ</em></strong></span> <span class='ocrx_word' id='word_1_121' title='bbox 1127 1990 1268 2079; x_wconf 76' lang='grc' dir='ltr'><strong><em>οἷηδονίς</em></strong></span> 
     </span>
     <span class='ocr_line' id='line_1_16' title="bbox 114 2097 1261 2191; baseline -0.001 -24"><span class='ocrx_word' id='word_1_122' title='bbox 114 2103 186 2187; x_wconf 57' lang='grc'><strong>(02</strong></span> <span class='ocrx_word' id='word_1_123' title='bbox 208 2126 240 2190; x_wconf 87' lang='lat' dir='ltr'><strong>p.</strong></span> <span class='ocrx_word' id='word_1_124' title='bbox 263 2102 298 2182; x_wconf 87' lang='lat'><strong>8)</strong></span> <span class='ocrx_word' id='word_1_125' title='bbox 330 2125 465 2189; x_wconf 90' lang='lat' dir='ltr'><strong>quocum</strong></span> <span class='ocrx_word' id='word_1_126' title='bbox 488 2105 699 2191; x_wconf 83' lang='lat' dir='ltr'><strong>Sophocleum</strong></span> <span class='ocrx_word' id='word_1_127' title='bbox 723 2105 890 2179; x_wconf 84' lang='lat' dir='ltr'><strong>contulisse</strong></span> <span class='ocrx_word' id='word_1_128' title='bbox 907 2105 1034 2190; x_wconf 77' lang='lat' dir='ltr'><strong>juvabit</strong></span> <span class='ocrx_word' id='word_1_129' title='bbox 1053 2097 1261 2185; x_wconf 69' lang='grc' dir='ltr'><strong><em>τεκνολέτειρ’</em></strong></span> 
     </span>
     <span class='ocr_line' id='line_1_17' title="bbox 114 2201 1259 2297; baseline -0.002 -23"><span class='ocrx_word' id='word_1_130' title='bbox 114 2201 220 2295; x_wconf 80' lang='grc' dir='ltr'><strong><em>αἠδαίν</em></strong></span> <span class='ocrx_word' id='word_1_131' title='bbox 255 2207 305 2273; x_wconf 87' lang='grc' dir='ltr'><strong>Ε1.</strong></span> <span class='ocrx_word' id='word_1_132' title='bbox 346 2211 411 2276; x_wconf 82' lang='grc'><strong>107.</strong></span> <span class='ocrx_word' id='word_1_133' title='bbox 435 2249 475 2259; x_wconf 94' lang='lat'><strong>—-</strong></span> <span class='ocrx_word' id='word_1_134' title='bbox 496 2211 663 2276; x_wconf 86' lang='lat' dir='ltr'><strong>Feminina</strong></span> <span class='ocrx_word' id='word_1_135' title='bbox 694 2232 821 2297; x_wconf 83' lang='grc' dir='ltr'><strong><em>τειρα</em></strong></span> <span class='ocrx_word' id='word_1_136' title='bbox 843 2211 1058 2295; x_wconf 59' lang='grc' dir='ltr'><strong><em>(κταρ-ια)</em></strong></span> <span class='ocrx_word' id='word_1_137' title='bbox 1090 2210 1259 2274; x_wconf 85' lang='lat' dir='ltr'><strong>terminata</strong></span> 
     </span>
     <span class='ocr_line' id='line_1_18' title="bbox 114 2308 1256 2406; baseline -0.001 -25"><span class='ocrx_word' id='word_1_138' title='bbox 114 2327 188 2381; x_wconf 88' lang='lat' dir='ltr'><strong>sunt</strong></span> <span class='ocrx_word' id='word_1_139' title='bbox 219 2308 478 2402; x_wconf 62' lang='grc' dir='ltr'><strong><em>όλίίοδότσιραλ),</em></strong></span> <span class='ocrx_word' id='word_1_140' title='bbox 509 2317 603 2382; x_wconf 86' lang='lat' dir='ltr'><strong>Pacis</strong></span> <span class='ocrx_word' id='word_1_141' title='bbox 625 2320 785 2406; x_wconf 90' lang='lat' dir='ltr'><strong>epitheton</strong></span> <span class='ocrx_word' id='word_1_142' title='bbox 808 2319 923 2383; x_wconf 88' lang='lat' dir='ltr'><strong>Bacch.</strong></span> <span class='ocrx_word' id='word_1_143' title='bbox 945 2318 1034 2400; x_wconf 86' lang='lat'>419*,</span> <span class='ocrx_word' id='word_1_144' title='bbox 1057 2327 1089 2380; x_wconf 91' lang='lat' dir='ltr'><strong>et</strong></span> <span class='ocrx_word' id='word_1_145' title='bbox 1108 2317 1256 2382; x_wconf 76' lang='grc' dir='ltr'><strong><em>ταλασσι-</em></strong></span> 
     </span>
    </p>

    <p class='ocr_par' dir='ltr' id='par_1_10' title="bbox 115 2415 1255 2512">
     <span class='ocr_line' id='line_1_19' title="bbox 115 2415 1255 2512; baseline 0 -24"><span class='ocrx_word' id='word_1_146' title='bbox 115 2415 247 2509; x_wconf 83' lang='grc' dir='ltr'><strong><em>δότειρα</em></strong></span> <span class='ocrx_word' id='word_1_147' title='bbox 262 2429 378 2491; x_wconf 78' lang='grc' dir='ltr'><strong><em>σωιλαοι</em></strong></span> <span class='ocrx_word' id='word_1_148' title='bbox 395 2422 540 2512; x_wconf 79' lang='grc' dir='ltr'><strong><em>(τέλος)</em></strong></span> <span class='ocrx_word' id='word_1_149' title='bbox 558 2426 720 2492; x_wconf 80' lang='lat' dir='ltr'><strong>adducens</strong></span> <span class='ocrx_word' id='word_1_150' title='bbox 742 2449 750 2490; x_wconf 75' lang='lat' dir='ltr'><strong>t</strong></span> <span class='ocrx_word' id='word_1_151' title='bbox 772 2426 899 2491; x_wconf 85' lang='lat' dir='ltr'><strong>Heracl.</strong></span> <span class='ocrx_word' id='word_1_152' title='bbox 915 2426 993 2492; x_wconf 84' lang='lat'>899*</span> <span class='ocrx_word' id='word_1_153' title='bbox 1015 2428 1132 2508; x_wconf 81' lang='grc' dir='ltr'><strong><em>Μοῖρα</em></strong></span> <span class='ocrx_word' id='word_1_154' title='bbox 1144 2422 1255 2489; x_wconf 79' lang='grc' dir='ltr'><strong><em>ταλασ-</em></strong></span> 
     </span>
    </p>

    <p class='ocr_par' dir='ltr' id='par_1_11' title="bbox 114 2516 1254 2620">
     <span class='ocr_line' id='line_1_20' title="bbox 114 2516 1254 2620; baseline 0 -24"><span class='ocrx_word' id='word_1_155' title='bbox 114 2516 298 2618; x_wconf 82' lang='grc' dir='ltr'><strong><em>σιδότειρα,</em></strong></span> <span class='ocrx_word' id='word_1_156' title='bbox 332 2534 416 2620; x_wconf 91' lang='lat' dir='ltr'><strong>quod</strong></span> <span class='ocrx_word' id='word_1_157' title='bbox 439 2535 514 2597; x_wconf 91' lang='lat' dir='ltr'><strong>mihi</strong></span> <span class='ocrx_word' id='word_1_158' title='bbox 536 2535 663 2620; x_wconf 89' lang='lat' dir='ltr'><strong>quidem</strong></span> <span class='ocrx_word' id='word_1_159' title='bbox 687 2558 727 2600; x_wconf 85' lang='lat' dir='ltr'><strong>ex</strong></span> <span class='ocrx_word' id='word_1_160' title='bbox 748 2534 830 2599; x_wconf 90' lang='lat' dir='ltr'><strong>falsa</strong></span> <span class='ocrx_word' id='word_1_161' title='bbox 852 2555 961 2597; x_wconf 88' lang='lat' dir='ltr'><strong>eornm</strong></span> <span class='ocrx_word' id='word_1_162' title='bbox 984 2534 1133 2614; x_wconf 77' lang='lat' dir='ltr'><strong>analogia</strong></span> <span class='ocrx_word' id='word_1_163' title='bbox 1154 2547 1254 2597; x_wconf 87' lang='lat' dir='ltr'><strong>ortum</strong></span> 
     </span>
    </p>

    <p class='ocr_par' dir='ltr' id='par_1_12' title="bbox 115 2627 1254 2726">
     <span class='ocr_line' id='line_1_21' title="bbox 115 2627 1254 2726; baseline -0.002 -22"><span class='ocrx_word' id='word_1_164' title='bbox 115 2662 182 2704; x_wconf 91' lang='lat' dir='ltr'><strong>esse</strong></span> <span class='ocrx_word' id='word_1_165' title='bbox 203 2640 344 2724; x_wconf 86' lang='lat' dir='ltr'><strong>videtur,</strong></span> <span class='ocrx_word' id='word_1_166' title='bbox 363 2643 405 2704; x_wconf 64' lang='lat' dir='ltr'><strong>&#39;in</strong></span> <span class='ocrx_word' id='word_1_167' title='bbox 428 2641 542 2726; x_wconf 90' lang='lat' dir='ltr'><strong>quibus</strong></span> <span class='ocrx_word' id='word_1_168' title='bbox 562 2642 692 2706; x_wconf 80' lang='grc' dir='ltr'><strong><em>τσλσσσι</em></strong></span> <span class='ocrx_word' id='word_1_169' title='bbox 714 2643 781 2721; x_wconf 83' lang='lat' dir='ltr'><strong>sive</strong></span> <span class='ocrx_word' id='word_1_170' title='bbox 801 2627 909 2706; x_wconf 75' lang='grc' dir='ltr'><strong><em>τελέοι</em></strong></span> <span class='ocrx_word' id='word_1_171' title='bbox 928 2640 1088 2705; x_wconf 86' lang='lat' dir='ltr'><strong>verbalem</strong></span> <span class='ocrx_word' id='word_1_172' title='bbox 1112 2648 1254 2704; x_wconf 87' lang='lat' dir='ltr'><strong>naturam</strong></span> 
     </span>
    </p>

    <p class='ocr_par' dir='ltr' id='par_1_13' title="bbox 115 2736 1255 2834">
     <span class='ocr_line' id='line_1_22' title="bbox 115 2736 1255 2834; baseline 0.002 -23"><span class='ocrx_word' id='word_1_173' title='bbox 115 2747 220 2829; x_wconf 84' lang='lat' dir='ltr'><strong>habet,</strong></span> <span class='ocrx_word' id='word_1_174' title='bbox 240 2756 276 2811; x_wconf 92' lang='lat' dir='ltr'><strong>ut</strong></span> <span class='ocrx_word' id='word_1_175' title='bbox 296 2749 329 2810; x_wconf 91' lang='lat' dir='ltr'><strong>in</strong></span> <span class='ocrx_word' id='word_1_176' title='bbox 349 2745 570 2833; x_wconf 82' lang='grc' dir='ltr'><strong><em>τελεσσίφρων</em></strong></span> <span class='ocrx_word' id='word_1_177' title='bbox 584 2749 701 2814; x_wconf 90' lang='lat' dir='ltr'><strong>Aesch.</strong></span> <span class='ocrx_word' id='word_1_178' title='bbox 719 2752 782 2834; x_wconf 84' lang='lat' dir='ltr'><strong>Ag.</strong></span> <span class='ocrx_word' id='word_1_179' title='bbox 798 2750 868 2815; x_wconf 76' lang='lat'><strong>700.</strong></span> <span class='ocrx_word' id='word_1_180' title='bbox 909 2748 1022 2812; x_wconf 84' lang='lat' dir='ltr'><strong>Restat</strong></span> <span class='ocrx_word' id='word_1_181' title='bbox 1042 2736 1255 2832; x_wconf 62' lang='lat' dir='ltr'><strong>inveteratos</strong></span> 
     </span>
    </p>

    <p class='ocr_par' dir='ltr' id='par_1_14' title="bbox 114 2847 1254 2942">
     <span class='ocr_line' id='line_1_23' title="bbox 114 2847 1254 2942; baseline -0.002 -21"><span class='ocrx_word' id='word_1_182' title='bbox 114 2854 170 2921; x_wconf 88' lang='lat' dir='ltr'><strong>Or.</strong></span> <span class='ocrx_word' id='word_1_183' title='bbox 195 2857 272 2922; x_wconf 80' lang='lat'>175*</span> <span class='ocrx_word' id='word_1_184' title='bbox 303 2847 359 2936; x_wconf 84' lang='grc' dir='ltr'><strong>νέξ</strong></span> <span class='ocrx_word' id='word_1_185' title='bbox 390 2847 614 2942; x_wconf 76' lang='grc' dir='ltr'><strong><em>ὑπνοδότειρα.</em></strong></span> <span class='ocrx_word' id='word_1_186' title='bbox 637 2893 677 2903; x_wconf 91' lang='lat'>-</span> <span class='ocrx_word' id='word_1_187' title='bbox 700 2856 837 2922; x_wconf 91' lang='lat' dir='ltr'><strong>Unicum</strong></span> <span class='ocrx_word' id='word_1_188' title='bbox 869 2865 918 2920; x_wconf 91' lang='lat' dir='ltr'><strong>est</strong></span> <span class='ocrx_word' id='word_1_189' title='bbox 948 2853 1174 2937; x_wconf 77' lang='grc' dir='ltr'><strong><em>ιίνμοδέγμων,</em></strong></span> <span class='ocrx_word' id='word_1_190' title='bbox 1195 2877 1254 2942; x_wconf 91' lang='lat' dir='ltr'><strong>quo</strong></span> 
     </span>
    </p>

    <p class='ocr_par' dir='ltr' id='par_1_15' title="bbox 113 2962 1254 3050">
     <span class='ocr_line' id='line_1_24' title="bbox 113 2962 1254 3050; baseline 0.001 -24"><span class='ocrx_word' id='word_1_191' title='bbox 113 2963 226 3027; x_wconf 88' lang='lat' dir='ltr'><strong>fluctus</strong></span> <span class='ocrx_word' id='word_1_192' title='bbox 247 2963 340 3028; x_wconf 83' lang='lat' dir='ltr'><strong>litora</strong></span> <span class='ocrx_word' id='word_1_193' title='bbox 355 2965 518 3050; x_wconf 88' lang='lat' dir='ltr'><strong>pulsantes</strong></span> <span class='ocrx_word' id='word_1_194' title='bbox 539 2965 571 3028; x_wconf 89' lang='lat' dir='ltr'><strong>in</strong></span> <span class='ocrx_word' id='word_1_195' title='bbox 594 2965 689 3027; x_wconf 84' lang='lat' dir='ltr'><strong>animi</strong></span> <span class='ocrx_word' id='word_1_196' title='bbox 713 2962 945 3048; x_wconf 89' lang='lat' dir='ltr'><strong>quodammodo</strong></span> <span class='ocrx_word' id='word_1_197' title='bbox 961 2984 1057 3027; x_wconf 88' lang='lat' dir='ltr'><strong>sensu</strong></span> <span class='ocrx_word' id='word_1_198' title='bbox 1071 2971 1254 3049; x_wconf 91' lang='lat' dir='ltr'><strong>ponuntur:</strong></span> 
     </span>
    </p>

    <p class='ocr_par' dir='ltr' id='par_1_16' title="bbox 112 3066 1255 3156">
     <span class='ocr_line' id='line_1_25' title="bbox 112 3066 1255 3156; baseline 0.003 -25"><span class='ocrx_word' id='word_1_199' title='bbox 112 3069 210 3155; x_wconf 91' lang='lat' dir='ltr'><strong>Hipp.</strong></span> <span class='ocrx_word' id='word_1_200' title='bbox 235 3071 315 3134; x_wconf 80' lang='lat'><strong>1173</strong></span> <span class='ocrx_word' id='word_1_201' title='bbox 336 3066 436 3156; x_wconf 83' lang='grc' dir='ltr'><strong><em>οἷκτῆς</em></strong></span> <span class='ocrx_word' id='word_1_202' title='bbox 457 3071 694 3155; x_wconf 77' lang='grc' dir='ltr'><strong><em>κυμοδίγμονος</em></strong></span> <span class='ocrx_word' id='word_1_203' title='bbox 715 3070 827 3146; x_wconf 86' lang='grc' dir='ltr'><strong><em>πέλας.</em></strong></span> <span class='ocrx_word' id='word_1_204' title='bbox 847 3107 889 3117; x_wconf 94' lang='grc'>-</span> <span class='ocrx_word' id='word_1_205' title='bbox 909 3069 959 3133; x_wconf 90' lang='lat' dir='ltr'><strong>Ad</strong></span> <span class='ocrx_word' id='word_1_206' title='bbox 994 3081 1172 3135; x_wconf 86' lang='lat' dir='ltr'><strong>extremum</strong></span> <span class='ocrx_word' id='word_1_207' title='bbox 1195 3071 1255 3135; x_wconf 85' lang='lat' dir='ltr'><strong>suf-</strong></span> 
     </span>
    </p>

    <p class='ocr_par' dir='ltr' id='par_1_17' title="bbox 94 3164 1255 3273">
     <span class='ocr_line' id='line_1_26' title="bbox 94 3164 1255 3273; baseline 0.001 -33"><span class='ocrx_word' id='word_1_208' title='bbox 94 3176 177 3256; x_wconf 20' lang='lat' dir='ltr'><strong>&#39;fixo</strong></span> <span class='ocrx_word' id='word_1_209' title='bbox 210 3193 230 3242; x_wconf 86' lang='grc' dir='ltr'>ᾱ</span> <span class='ocrx_word' id='word_1_210' title='bbox 263 3178 433 3243; x_wconf 88' lang='lat' dir='ltr'><strong>formatum</strong></span> <span class='ocrx_word' id='word_1_211' title='bbox 466 3189 514 3273; x_wconf 85' lang='lat' dir='ltr'><strong>est</strong></span> <span class='ocrx_word' id='word_1_212' title='bbox 534 3164 697 3261; x_wconf 72' lang='grc' dir='ltr'><strong><em>μσλιβόας</em></strong></span> <span class='ocrx_word' id='word_1_213' title='bbox 712 3178 774 3264; x_wconf 83' lang='lat' dir='ltr'><strong>frg.</strong></span> <span class='ocrx_word' id='word_1_214' title='bbox 796 3179 911 3254; x_wconf 67' lang='lat' dir='ltr'><strong>volet</strong></span> <span class='ocrx_word' id='word_1_215' title='bbox 942 3169 1103 3260; x_wconf 78' lang='grc' dir='ltr'><strong><em>μσλιβόας</em></strong></span> <span class='ocrx_word' id='word_1_216' title='bbox 1134 3168 1255 3255; x_wconf 78' lang='grc' dir='ltr'><strong><em>κότινος,</em></strong></span> 
     </span>
    </p>

    <p class='ocr_par' dir='ltr' id='par_1_18' title="bbox 112 3285 1254 3374">
     <span class='ocr_line' id='line_1_27' title="bbox 112 3285 1254 3374; baseline 0.003 -27"><span class='ocrx_word' id='word_1_217' title='bbox 112 3285 145 3347; x_wconf 90' lang='lat' dir='ltr'><strong>in</strong></span> <span class='ocrx_word' id='word_1_218' title='bbox 167 3306 230 3370; x_wconf 91' lang='lat' dir='ltr'><strong>quo</strong></span> <span class='ocrx_word' id='word_1_219' title='bbox 252 3287 339 3372; x_wconf 88' lang='lat' dir='ltr'><strong>prius</strong></span> <span class='ocrx_word' id='word_1_220' title='bbox 359 3287 535 3351; x_wconf 89' lang='lat' dir='ltr'><strong>membrum</strong></span> <span class='ocrx_word' id='word_1_221' title='bbox 558 3289 730 3352; x_wconf 82' lang='lat' dir='ltr'><strong>accusativi</strong></span> <span class='ocrx_word' id='word_1_222' title='bbox 751 3288 925 3372; x_wconf 82' lang='lat' dir='ltr'><strong>interioris,</strong></span> <span class='ocrx_word' id='word_1_223' title='bbox 947 3287 1033 3374; x_wconf 92' lang='lat' dir='ltr'><strong>quod</strong></span> <span class='ocrx_word' id='word_1_224' title='bbox 1054 3297 1180 3370; x_wconf 86' lang='lat' dir='ltr'><strong>vocant,</strong></span> <span class='ocrx_word' id='word_1_225' title='bbox 1203 3287 1254 3351; x_wconf 91' lang='lat' dir='ltr'><strong>oh-</strong></span> 
     </span>
    </p>

    <p class='ocr_par' dir='ltr' id='par_1_19' title="bbox 109 3391 1255 3482">
     <span class='ocr_line' id='line_1_28' title="bbox 109 3391 1255 3482; baseline 0.006 -28"><span class='ocrx_word' id='word_1_226' title='bbox 109 3391 188 3477; x_wconf 91' lang='lat' dir='ltr'><strong>jecti</strong></span> <span class='ocrx_word' id='word_1_227' title='bbox 210 3393 331 3456; x_wconf 88' lang='lat' dir='ltr'><strong>ratione</strong></span> <span class='ocrx_word' id='word_1_228' title='bbox 351 3394 469 3480; x_wconf 92' lang='lat' dir='ltr'><strong>pendet</strong></span> <span class='ocrx_word' id='word_1_229' title='bbox 488 3417 506 3457; x_wconf 93' lang='lat' dir='ltr'><strong>a</strong></span> <span class='ocrx_word' id='word_1_230' title='bbox 527 3395 703 3481; x_wconf 90' lang='lat' dir='ltr'><strong>pedisequo</strong></span> <span class='ocrx_word' id='word_1_231' title='bbox 715 3395 762 3478; x_wconf 70' lang='grc'><strong>8);</strong></span> <span class='ocrx_word' id='word_1_232' title='bbox 783 3432 824 3442; x_wconf 87' lang='lat'>-</span> <span class='ocrx_word' id='word_1_233' title='bbox 846 3416 888 3469; x_wconf 83' lang='grc' dir='ltr'><strong><em>σς</em></strong></span> <span class='ocrx_word' id='word_1_234' title='bbox 903 3405 1036 3482; x_wconf 86' lang='lat' dir='ltr'><strong>apparet</strong></span> <span class='ocrx_word' id='word_1_235' title='bbox 1050 3396 1082 3459; x_wconf 93' lang='lat' dir='ltr'><strong>in</strong></span> <span class='ocrx_word' id='word_1_236' title='bbox 1104 3417 1255 3480; x_wconf 75' lang='grc' dir='ltr'><strong><em>χρυσαντ-</em></strong></span> 
     </span>
    </p>

    <p class='ocr_par' dir='ltr' id='par_1_20' title="bbox 112 3496 1254 3591">
     <span class='ocr_line' id='line_1_29' title="bbox 112 3496 1254 3591; baseline 0.003 -28"><span class='ocrx_word' id='word_1_237' title='bbox 112 3496 212 3584; x_wconf 73' lang='grc' dir='ltr'><strong><em>ανγής</em></strong></span> <span class='ocrx_word' id='word_1_238' title='bbox 233 3523 241 3564; x_wconf 89' lang='lat'><strong>:</strong></span> <span class='ocrx_word' id='word_1_239' title='bbox 263 3501 338 3566; x_wconf 75' lang='grc' dir='ltr'><strong><em>δον.</em></strong></span> <span class='ocrx_word' id='word_1_240' title='bbox 363 3503 443 3568; x_wconf 81' lang='grc'><strong>890*</strong></span> <span class='ocrx_word' id='word_1_241' title='bbox 464 3498 627 3583; x_wconf 80' lang='grc' dir='ltr'><strong><em>οίνθισμδν</em></strong></span> <span class='ocrx_word' id='word_1_242' title='bbox 646 3509 882 3588; x_wconf 70' lang='grc' dir='ltr'><strong><em>χροσανταογῆς</em></strong></span> <span class='ocrx_word' id='word_1_243' title='bbox 913 3504 954 3567; x_wconf 89' lang='lat' dir='ltr'><strong>ad</strong></span> <span class='ocrx_word' id='word_1_244' title='bbox 976 3525 1104 3568; x_wconf 89' lang='lat' dir='ltr'><strong>sensum</strong></span> <span class='ocrx_word' id='word_1_245' title='bbox 1127 3504 1254 3591; x_wconf 86' lang='lat' dir='ltr'><strong>epitheti</strong></span> 
     </span>
    </p>

    <p class='ocr_par' dir='ltr' id='par_1_21' title="bbox 113 3602 758 3696">
     <span class='ocr_line' id='line_1_30' title="bbox 113 3602 758 3696; baseline 0.009 -27"><span class='ocrx_word' id='word_1_246' title='bbox 113 3606 153 3670; x_wconf 85' lang='lat' dir='ltr'><strong>cf.</strong></span> <span class='ocrx_word' id='word_1_247' title='bbox 178 3605 235 3672; x_wconf 89' lang='lat' dir='ltr'><strong>Or.</strong></span> <span class='ocrx_word' id='word_1_248' title='bbox 260 3611 340 3675; x_wconf 78' lang='lat'>1519</span> <span class='ocrx_word' id='word_1_249' title='bbox 362 3602 466 3675; x_wconf 83' lang='grc' dir='ltr'><strong><em>δεινόν</em></strong></span> <span class='ocrx_word' id='word_1_250' title='bbox 487 3605 636 3694; x_wconf 82' lang='grc' dir='ltr'><strong><em>οίντανγσί</em></strong></span> <span class='ocrx_word' id='word_1_251' title='bbox 657 3602 758 3696; x_wconf 81' lang='grc' dir='ltr'><strong><em>φόνον.</em></strong></span> 
     </span>
    </p>
   </div>
   <div class='ocr_carea' id='block_1_3' title="bbox 180 4079 948 4338">
    <p class='ocr_par' dir='ltr' id='par_1_22' title="bbox 180 4079 948 4338">
     <span class='ocr_line' id='line_1_31' title="bbox 182 4079 521 4146; baseline 0.009 -16"><span class='ocrx_word' id='word_1_252' title='bbox 182 4079 202 4146; x_wconf 90' lang='lat'><strong>¹)</strong></span> <span class='ocrx_word' id='word_1_253' title='bbox 220 4081 289 4132; x_wconf 85' lang='lat' dir='ltr'><strong>Mus.</strong></span> <span class='ocrx_word' id='word_1_254' title='bbox 306 4080 389 4131; x_wconf 89' lang='lat' dir='ltr'><strong>Rhen.</strong></span> <span class='ocrx_word' id='word_1_255' title='bbox 407 4083 445 4132; x_wconf 83' lang='lat' dir='ltr'><strong>XI</strong></span> <span class='ocrx_word' id='word_1_256' title='bbox 464 4087 521 4135; x_wconf 72' lang='lat'><strong>470.</strong></span> 
     </span>
     <span class='ocr_line' id='line_1_32' title="bbox 180 4170 892 4253; baseline 0.006 -29"><span class='ocrx_word' id='word_1_257' title='bbox 180 4172 202 4240; x_wconf 77' lang='lat'><strong>²)</strong></span> <span class='ocrx_word' id='word_1_258' title='bbox 221 4175 272 4224; x_wconf 88' lang='lat' dir='ltr'><strong>Pro</strong></span> <span class='ocrx_word' id='word_1_259' title='bbox 290 4173 450 4225; x_wconf 82' lang='lat' dir='ltr'><strong>substantivo</strong></span> <span class='ocrx_word' id='word_1_260' title='bbox 469 4181 521 4227; x_wconf 81' lang='lat' dir='ltr'><strong>stat</strong></span> <span class='ocrx_word' id='word_1_261' title='bbox 540 4170 688 4253; x_wconf 74' lang='grc' dir='ltr'><strong><em>ὀλβοδὸαρς</em></strong></span> <span class='ocrx_word' id='word_1_262' title='bbox 705 4177 798 4230; x_wconf 84' lang='lat' dir='ltr'><strong>Bacch.</strong></span> <span class='ocrx_word' id='word_1_263' title='bbox 818 4177 892 4229; x_wconf 62' lang='lat' dir='ltr'><strong>tw.</strong></span> 
     </span>
     <span class='ocr_line' id='line_1_33' title="bbox 181 4266 948 4338; baseline 0.003 -20"><span class='ocrx_word' id='word_1_264' title='bbox 181 4266 205 4336; x_wconf 80' lang='lat'><strong>³)</strong></span> <span class='ocrx_word' id='word_1_265' title='bbox 225 4267 326 4321; x_wconf 79' lang='lat' dir='ltr'><strong>similia</strong></span> <span class='ocrx_word' id='word_1_266' title='bbox 342 4268 466 4337; x_wconf 84' lang='lat' dir='ltr'><strong>Meyerus</strong></span> <span class='ocrx_word' id='word_1_267' title='bbox 484 4268 596 4337; x_wconf 74' lang='lat' dir='ltr'><strong>collegit,</strong></span> <span class='ocrx_word' id='word_1_268' title='bbox 616 4271 686 4323; x_wconf 82' lang='lat' dir='ltr'><strong>Cart</strong></span> <span class='ocrx_word' id='word_1_269' title='bbox 704 4271 776 4323; x_wconf 71' lang='lat' dir='ltr'><strong>stad.</strong></span> <span class='ocrx_word' id='word_1_270' title='bbox 794 4272 830 4322; x_wconf 80' lang='lat' dir='ltr'><strong>vl</strong></span> <span class='ocrx_word' id='word_1_271' title='bbox 847 4287 872 4338; x_wconf 90' lang='lat' dir='ltr'><strong>p.</strong></span> <span class='ocrx_word' id='word_1_272' title='bbox 892 4275 948 4323; x_wconf 77' lang='grc'><strong>257.</strong></span> 
     </span>
    </p>
   </div>
   <div class='ocr_carea' id='block_1_4' title="bbox 0 0 1374 4830">
    <p class='ocr_par' dir='ltr' id='par_1_23' title="bbox 0 0 1374 4830">
     <span class='ocr_line' id='line_1_34' title="bbox 0 0 1374 4830; baseline 0 2"><span class='ocrx_word' id='word_1_273' title='bbox 0 0 1374 4830; x_wconf 95' lang='lat' dir='ltr'><strong> </strong></span> 
     </span>
    </p>
   </div>
  </div>
 </body>
</html>
