2738 4830
664 432 701 482 Vl

112 631 210 695 serat
232 644 376 693 mecum
402 619 687 695 communicavit
710 619 836 719 itaque
865 619 964 693 viam
988 616 1080 690 mihi
1102 615 1251 689 demon-

112 744 259 838 stravit,
296 769 371 843 qua
394 743 442 818 ad
475 742 745 842 expediendam
784 742 964 842 ejusmodi
998 740 1252 842 quaestionem

111 869 389 969 grammaticam
450 882 547 943 esset
607 868 914 968 aggrediendum.
995 864 1251 961 Praeterlapso

112 992 278 1072 nondum
300 993 387 1067 anni
404 994 523 1094 spatio
548 995 894 1068 commentationem
919 1017 1039 1065 meam
1051 988 1099 1065 ad
1119 986 1253 1062 summi

113 1117 419 1218 philosophorum
451 1118 592 1194 ordinis
617 1117 796 1194 decanum
834 1117 1048 1193 deferebam
1072 1140 1149 1189 non
1173 1113 1253 1187 siue

114 1244 273 1343 quadam
307 1243 555 1320 sollicitudine
596 1257 814 1344 exspectans
858 1243 950 1343 quid
985 1264 1156 1316 censores
1207 1237 1254 1310 de

114 1368 292 1468 opusculo
330 1394 414 1445 meo
450 1369 650 1468 judicaturi
689 1382 822 1444 essent
879 1365 1101 1445 Gontinebat
1131 1375 1253 1437 autern

113 1491 209 1566 illud
233 1493 313 1592 jam
344 1506 463 1570 totum
497 1495 753 1596 exemplorum
778 1495 992 1569 thesaurum
1016 1489 1255 1590 grammatica

115 1617 348 1718 potissimum
372 1620 577 1695 rationein
602 1621 768 1721 singulas
784 1621 921 1696 classes
936 1619 989 1693 ita
1009 1613 1255 1705 distributum,

116 1754 159 1816 ut
191 1767 239 1819 ex
264 1742 435 1819 Olemmii
460 1745 702 1820 >collectaneis
725 1769 976 1845 cognoveram
997 1770 1008 1840 ;
1052 1740 1140 1815 artis
1165 1763 1255 1813 vero

119 1879 157 1941 et
180 1867 355 1942 audaciae
380 1867 543 1965 dicendi,
576 1870 696 1970 qualis
729 1871 770 1944 in
800 1869 962 1970 epitheta
993 1892 1077 1942 cnm
1099 1862 1256 1939 nomini-

117 1990 188 2065 bus
234 1992 435 2093 copulandi
475 1994 587 2069 modo
632 1995 801 2095 inprimis
839 1992 1080 2093 conspicitur,
1116 1987 1256 2062 mentio

116 2115 267 2191 omnino
279 2115 377 2190 facta
393 2143 471 2192 non
498 2130 577 2192 erat
591 2119 664 2194 nisi
689 2119 815 2195 oblata
834 2118 1037 2194 occasione.
1060 2115 1258 2189 Praeterea

116 2265 238 2340 neque
264 2243 470 2315 necessaria
492 2243 655 2341 epitheta
674 2271 698 2318 a
714 2244 944 2345 descriptivis
957 2266 1079 2342 neque
1095 2237 1259 2337 descrip

115 2364 194 2438 tiva
224 2364 273 2439 ab
307 2366 524 2442 ornantibus
557 2381 662 2442 erant
694 2382 910 2470 segregata,
943 2369 1032 2443 item
1064 2361 1258 2467 persouifi-

117 2489 271 2564 cationis
305 2491 477 2591 exempla
509 2494 689 2593 peculiari
719 2495 840 2595 capite
865 2492 1069 2594 composita
1093 2496 1259 2570 nondum

118 2625 233 2687 erant.
295 2615 546 2691 Nihilominus
597 2645 741 2694 summo
787 2618 1094 2718 philosophorum
1135 2620 1258 2696 ordini

116 2739 280 2837 praemio
310 2764 370 2813 me
402 2766 533 2816 ornare
567 2742 688 2818 visum
712 2756 768 2818 est
802 2768 953 2843 operam
985 2743 1156 2818 videlicet
1181 2772 1259 2820 non

116 2889 270 2963 parvam
306 2862 539 2963 respicienti,
578 2893 689 2966 quam
726 2869 767 2942 in
797 2867 1066 2944 conficiendum
1098 2894 1256 2968 opuscu-

115 2987 194 3061 lum
215 2988 462 3095 contulissem.
512 2991 586 3068 sed
625 2993 705 3092 ipse
736 2993 828 3068 mihi
868 2992 1122 3093 displicebam.
1184 2993 1258 3066 Ita-

118 3137 207 3211 que,
249 3111 349 3211 quod
391 3110 600 3211 proximum
639 3121 735 3204 erat,
782 3123 824 3184 ut
867 3110 1036 3184 examine
1069 3138 1137 3210 pro
1174 3138 1256 3185 mu-

119 3262 208 3310 nere
247 3237 465 3313 scholastico
514 3235 728 3336 peragendo
775 3235 1031 3330 ostenderem,
1078 3234 1168 3335 quid
1216 3236 1256 3308 in

118 3361 325 3461 philologia
373 3373 573 3460 praestare.
594 3386 764 3460 possem,
804 3387 1040 3460 summosque
1084 3359 1193 3434 simul
1217 3361 1258 3433 in

102 3485 355 3585 ¹philosophia
399 3486 560 3561 honores
600 3487 862 3586 impetrarem,
899 3488 939 3561 in
981 3487 1134 3561 materia
1175 3511 1258 3559 mea

119 3610 240 3686 denuo
271 3610 462 3687 elaborare
494 3611 676 3687 constitui.
735 3612 889 3688 Peracto
935 3624 1058 3687 autem
1090 3610 1264 3705 examine

120 3761 203 3809 cum
246 3746 432 3810 assecutus
467 3762 585 3811 essem
623 3735 725 3836 quod
757 3736 987 3812 intenderam
1045 3734 1258 3828 Olemmius,

118 3858 322 3935 studiorum
347 3886 514 3936 meorum
527 3861 650 3936 fautor
674 3861 961 3961 impigerrimus,
978 3863 1111 3936 iterum
1124 3886 1182 3934 me
1194 3858 1258 3933 ad·

117 3984 260 4060 monuit
285 3998 326 4058 ut
349 3998 580 4063 retractatam
617 3987 713 4061 hanc
747 3986 1039 4062 dissertationem
1071 3985 1169 4085 typis
1195 4011 1258 4058 ex·

118 4109 349 4210 primendam
391 4136 567 4186 curarem.
625 4112 755 4210 Itaque
793 4137 1017 4212 quamquam
1056 4111 1135 4210 ipse
1167 4109 1258 4182 mihi

121 4233 407 4312 subdiffidebam
453 4262 522 4312 nec
571 4237 651 4313 sine
700 4261 789 4311 cura
836 4236 995 4338 quadam
1044 4237 1119 4311 tale
1168 4234 1258 4333 quid
