2738 4830
529 422 794 485 ·-124-

113 624 177 682 μοις
199 604 274 684 cf.§
296 605 344 669 76.
379 604 527 690 Denique
548 607 677 669 nomino
698 597 871 689 πύρσολος
891 606 925 669 in
946 606 1019 694 ipae
1039 626 1171 670 οινιιινιο
1190 603 1212 667 ι’.
1227 627 1250 668 ι.

112 712 231 798 tyneus,
254 709 339 795 quod
362 710 400 774 de
422 711 563 775 fulminis
584 713 649 776 ictu
663 711 865 798 praedicatur
882 711 993 800 Suppl.
1009 713 1090 778 640*
1104 704 1250 797 κεροδνῳ

114 809 282 901 πυρπόλῳ.

193 923 332 990 Unicum
365 922 450 1009 quod
481 925 514 987 iu
544 947 587 989 ιο
620 924 704 990 cadit
730 935 779 989 est
810 916 1039 1012 ιροχὴλαιοςε
1072 926 1104 992 J.
1140 924 1180 990 Τ.
1212 926 1252 990 82

111 1024 309 1117 τροχηλάτου
335 1030 467 1112 μανίαςΙ
484 1033 563 1097 rotis
590 1034 688 1119 qnasi
705 1035 859 1122 agitantis
878 1035 1013 1119 furoris.
1056 1033 1132 1098 Duo
1154 1034 1187 1098 in
1207 1057 1253 1120 ap

113 1149 261 1203 exeunt:
283 1133 499 1224 μονοδέριιιης
520 1165 583 1205 ano
613 1139 669 1224 (sc.
691 1140 794 1226 oculo)
816 1140 928 1206 videns
950 1163 956 1205 :
982 1141 1071 1228 Cycl.
1095 1140 1153 1207 79*
1176 1135 1252 1206 Κύ-

113 1246 220 1311 κλωπι
251 1249 299 1331 τῷ
328 1247 526 1334 μονοδέρκιρ
559 1286 601 1296 -
633 1259 666 1313 et
697 1242 936 1335 δρρσρορρύιης
967 1261 1095 1337 argento
1120 1251 1256 1335 flaons:

111 1353 191 1418 Her.
213 1355 272 1419 fur.
294 1355 374 1421 386*
395 1346 644 1442 ot'pyvpoporiaav
657 1343 774 1442 Ἕβρον
795 1376 932 1441 quocum
948 1339 1156 1420 Homericum
1179 1380 1251 1421 con·

113 1462 196 1527 feras
227 1461 372 1544 ποταμόν
405 1459 619 1551 ἀργυροδίνην
649 1463 704 1547 (Φ.
729 1463 797 1544 130,
820 1463 865 1544 8).
909 1462 1031 1530 Caveas
1054 1473 1178 1544 autem,
1213 1486 1253 1528 ne

113 1592 189 1634 vere
210 1580 377 1655 argentum
400 1594 506 1636 secum
523 1571 636 1635 ducere
653 1569 765 1634 fluvios
781 1579 891 1658 poetas
912 1572 1090 1657 exprimere
1112 1573 1253 1636 voluisse

113 1677 289 1759 existimem
320 1678 417 1743 immo
449 1700 550 1765 aquae
590 1680 696 1765 potius
738 1678 876 1742 colorem
904 1677 953 1742 hie
986 1677 1132 1766 epithetis
1166 1701 1260 1767 spec—

113 1794 181 1848 tant
209 1788 336 1870 argenti
368 1788 504 1849 nitorem
532 1785 679 1851 habentis
712 1788 767 1869 (cf.
790 1777 1004 1873 ἀργυροειδής
1025 1791 1045 1868 ξ
1066 1789 1131 1868 52).
1152 1823 1195 1835 -
1216 1786 1273 1850 Ιιι

113 1914 158 1967 ες
178 1892 293 1957 desinit
325 1895 415 1957 navis
437 1894 620 1959 attributum
643 1885 775 1980 ἀλιήρης
802 1899 836 1960 in
856 1897 945 1960 mari
962 1895 1120 1983 semipane
1142 1919 1150 1958 :
1171 1893 1261 1958 Hec.

112 2003 173 2068 455
195 1992 321 2086 οἳλιῆρει
344 1992 450 2087 κώπᾳ.
480 2034 531 2049 -·
554 2004 605 2066 Ad
626 2003 765 2066 ferocem
798 2002 935 2089 denique
968 2001 1079 2067 Martie
1107 2011 1267 2066 naturam

114 2111 233 2198 optime
255 2109 390 2194 quadrat
412 2102 620 2196 δοριμὴσιωρ
634 2110 762 2196 (Varo)
778 2113 803 2194 1)
823 2112 916 2176 hasta
931 2111 1008 2176 aliis
1028 2111 1194 2176 οονιιιιλονισ
1216 2135 1264 2176 ac

110 2207 282 2306 procidens
304 2240 311 2280 :
333 2217 434 2281 Andr.
460 2218 558 2282 1016*
580 2210 786 2306 δοριμήοιωρ
809 2213 985 2294 Ἐνυάλιος.

114 2719 150 2796 b.
201 2720 348 2798 Suffixa‘
367 2724 514 2824 passivo
541 2748 650 2798 sensu
668 2722 837 2798 secundis
864 2722 1039 2798 membris
1064 2721 1249 2796 accedunt

196 2921 216 2998 ὅ
237 2919 287 2983 48.
317 2917 408 3000 Quae
422 2919 484 2985 huc
498 2922 659 3006 pertinent
674 2919 814 3006 epitheta
827 2919 1044 2984 antecedentis
1058 2919 1249 3006 paragraphi

116 3027 261 3113 exempla
294 3049 424 3091 numero
457 3027 618 3113 aliquanto
663 3036 823 3114 superant.
882 3025 965 3091 Sunt
998 3036 1103 3091 autem
1139 3048 1158 3091 ο
1193 3036 1249 3090 ter·

114 3135 234 3199 minata
254 3156 265 3196 .·
287 3129 473 3218 λινόκρονος
486 3135 552 3199 lino
562 3147 732 3215 contextas,
756 3134 844 3221 cujus
859 3135 958 3198 altera
972 3156 1045 3220 pars
1060 3156 1131 3197 cum
1154 3126 1254 3198 verbo⁴

114 3243 237 3326 apinam
258 3242 404 3306 cohaeret
425 3264 433 3304 :
454 3240 533 3304 Hec.
559 3242 656 3307 1081*
678 3233 856 3328 λινόκρονον
878 3237 1014 3306 στέλλων
1042 3233 1167 3326 φάρος,
1198 3240 1249 3305 ubi

114 3371 227 3414 revera
258 3350 373 3413 lineum
406 3350 446 3412 sit
475 3349 580 3412 velum
611 3371 712 3413 necue
734 3350 813 3413 nihil
848 3359 932 3414 certe
954 3350 994 3415 ad
1016 3371 1084 3413 rem
1106 3349 1249 3435 pertinet,

115 3457 172 3522 sed
189 3458 222 3522 id
244 3461 366 3522 tantum
387 3465 479 3542 poeta
501 3457 576 3542 agit,
599 3466 634 3520 ut
648 3456 755 3521 addito
776 3457 915 3543 epitheto
930 3458 1032 3542 magis
1048 3456 1147 3520 oeulis
1169 3455 1248 3522 subi·

115 3565 177 3629 ciat
198 3565 259 3629 veli
280 3565 467 3648 imaginem3
492 3599 525 3612 ·-
550 3552 749 3649 ἅνθδκροκος
772 3588 779 3628 :
801 3564 882 3628 Hoc.
898 3564 977 3629 471*
991 3563 1025 3630 ἐν
1040 3561 1250 3628 δαιδαλέοισι

115 3671 313 3738 ποικίλλοοδ
338 3665 567 3755 α’νδοκρόκοιοι
597 3663 734 3756 πήναις;
758 3709 792 3719 -
818 3662 992 3756 νιφόβολος
1013 3673 1085 3736 nive
1106 3671 1249 3735 obsitas:

115 3779 235 3844 Phoen.
251 3780 328 3844 206·
342 3773 407 3844 δνιδ
421 3770 551 3863 δειράσι
566 3767 757 3863 νιφοβόλοις
779 3784 972 3864 Παρνασοῦ;
994 3780 1071 3843 item
1094 3777 1250 3843 Parnasus

115 3896 277 3975 spectatur
287 3909 316 3950 v.
329 3888 408 3953 234*
420 3882 506 3972 ἱερὸν
520 3877 801 3971 δροςνιφόβολον;
816 3887 855 3951 cf.
867 3885 900 3952 J.
915 3889 955 3951 A.
970 3886 1078 3952 1284*.
1094 3884 1250 3951 Homems

116 4005 221 4058 autem
243 3996 275 4057 iu
297 3993 431 4081 simplici
451 3987 578 4081 νιφόεις
596 3996 762 4082 acquievit,
787 3994 871 4081 quod
894 4016 1068 4079 cognoscas
1091 3998 1159 4058 αΣ.
1177 3994 1249 4074 616;

120 4108 153 4168 Υ.
175 4102 252 4183 2853
284 4100 322 4172 Ξ.
345 4103 423 4184 227;
454 4102 628 4190 Sophocles
651 4104 745 4167 etiam
778 4103 873 4167 habet
887 4092 1057 4184 ,νιφόεντος
1078 4100 1251 4189 Παρνασοῦ

116 4217 312 4225 ——0

186 4280 206 4349 ¹)
225 4282 297 4332 Ourt.
316 4280 373 4332 Gr.⁴
390 4296 414 4346 p.
435 4284 491 4330 242.
