2738 4830
598 423 775 487 ,7-

119 605 260 691 proprias
271 615 366 692 atque
381 627 488 670 corum
500 605 681 670 notionibus
688 606 777 691 quasi
784 607 895 671 insitas
906 607 1104 692 innataeque,
1118 607 1258 672 cnmhao

119 715 181 777 sine
202 713 264 777 illis
286 713 420 800 cogitari
442 713 569 777 omnino
591 723 760 798 nequeant.
803 711 899 791 Quod
921 723 1031 800 aperto
1053 734 1070 778 e
1092 716 1259 789 notflsima

118 843 268 907 equorum
285 822 512 908 significatione
526 810 670 902 μώνυχες
696 822 807 906 elucet,
829 822 880 886 vel
896 823 1024 886 navium
1039 821 1130 904 θοαί,
1143 821 1259 902 κοῖλαι,

116 919 283 1012 dcundum,
306 931 356 993 vel
378 919 698 1014 urbiumao'pu'xoooa,
720 930 771 994 vel
801 930 880 994 coeli
894 922 1073 1016 α’στερόεις,
1095 931 1258 1014 similibus,

115 1037 163 1100 ubi
186 1037 328 1123 epitheta
348 1048 544 1124 quantopere
566 1037 760 1101 illustrandis
775 1037 877 1102 solum
891 1038 1054 1103 nominum
1076 1040 1257 1104 notionibus

114 1145 287 1209 inserviant
306 1147 524 1232 unusquisque
539 1147 759 1234 persentiscat.
1071 1232 1074 1236 ⁴

193 1252 330 1316 Duobus
351 1252 399 1316 his
422 1254 634 1339 epithetorum
666 1253 837 1338 gerraribus
858 1254 984 1317 tertium
1008 1255 1188 1341 oppositum
1210 1263 1260 1320 est

113 1361 382 1442 necessariorum,
405 1381 487 1447 quae
509 1363 616 1426 vocari
638 1362 712 1426 licet
733 1382 868 1447 quorum
891 1361 1020 1448 propria
1041 1361 1074 1424 in
1096 1382 1133 1425 eo
1156 1362 1256 1465 capni-

113 1477 314 1549 tornatura,
347 1467 432 1553 quod
455 1470 635 1534 necessaria
671 1469 805 1535 suntad
827 1478 928 1534 totum
951 1471 1149 1534 enuntiatum
1171 1480 1257 1536 recto

115 1576 372 1660 intellegendum,
394 1599 453 1640 neo
467 1577 531 1640 ulla
545 1577 666 1641 ratione
688 1578 733 1640 eis
749 1578 847 1641 careri
862 1586 977 1664 potest,
999 1578 1059 1641 nisi
1082 1577 1258 1642 deformato

114 1683 204 1748 simul
233 1694 265 1748 et
291 1683 461 1749 dilacerato
483 1687 573 1771 quasi
603 1687 829 1750 sententiarum
861 1708 993 1749 conexu.
1037 1684 1172 1749 Adhuc
1195 1685 1257 1750 dis·
1320 1744 1325 1753 .

113 1790 231 1855 crimen
263 1792 398 1858 alterum
431 1794 553 1857 accedit
583 1793 616 1857 in
645 1815 683 1857 eo
706 1793 928 1880 conspicuum,
962 1792 1048 1879 quod
1069 1793 1256 1881 plerumque

112 1899 213 1963 aliana
235 1900 313 1964 haec
335 1911 408 1964 sunt
430 1903 470 1966 ab
491 1903 674 1966 ornantium
696 1910 728 1966 et
747 1901 1011 1989 descriptivorum
1033 1911 1202 1966 venustate
1224 1912 1256 1967 et

112 2007 249 2072 sandoro
271 2009 414 2095 poetico,
448 2031 549 2073 neca
580 2011 738 2073 communi
766 2009 834 2073 fere
856 2009 979 2074 dicendi
1011 2032 1071 2073 usu
1091 2009 1255 2075 recedunt.

110 2113 309 2180 Necessariis
343 2117 427 2180 enim
450 2116 598 2203 epithetis
618 2140 681 2181 non
703 2113 803 2182 libero
836 2117 880 2181 uti
903 2116 1018 2182 licebat
1039 2117 1253 2203 scriptoribus,

111 2222 165 2286 sed
198 2244 256 2308 pro
288 2224 537 2311 uniuscujusque
567 2224 627 2288 loci
650 2247 745 2289 sensu
778 2225 824 2288 eis
845 2223 906 2289 hoo
936 2225 988 2288 vel
1016 2224 1093 2288 illud
1115 2233 1183 2288 erat
1204 2225 1256 2288 oli-

111 2330 260 2416 gendum.

164 2473 167 2477 ·
191 2437 353 2524 Exempla
373 2440 469 2523 igitur
492 2437 666 2526 Euripidae
686 2441 720 2503 in
740 2448 806 2504 tras
827 2439 898 2503 illas
919 2441 1179 2525 necessariorum,
1203 2439 1255 2505 de-

115 2547 345 2633 scriptivorum,
367 2547 546 2610 ornantium
569 2547 685 2611 classes
700 2548 744 2610 ita
765 2569 849 2611 nunc
871 2547 1019 2631 dividam,
1040 2557 1077 2611 ut
1097 2551 1179 2612 intra
1199 2548 1256 2613 has

103 2633 150 2719 'dc
173 2654 306 2740 singulis
327 2663 433 2719 utrum
456 2655 699 2719 determinativa
719 2657 782 2718 sint
803 2676 843 2719 an
867 2655 1052 2720 attributiva
1074 2678 1113 2719 an
1140 2657 1253 2743 depen-

112 2761 238 2828 dentiae
259 2765 434 2851 composita
450 2762 606 2848 judicium
629 2785 754 2850 semper
768 2763 892 2827 faciam.
922 2760 1124 2849 Quamquam
1144 2772 1255 2828 tenen·

112 2869 185 2936 dum
207 2880 265 2954 est,
287 2871 417 2934 nonita
439 2872 532 2935 certis
553 2870 669 2935 finibus
690 2871 807 2935 classes
821 2871 891 2935 illas
907 2871 1158 2958 circumscriptas
1174 2893 1254 2951 esse,

112 2980 261 3066 quoniam
282 3000 347 3042 non
369 2999 494 3064 semper
516 2987 649 3056 constat,
672 2980 723 3044 oui
737 2979 847 3065 generi
862 2979 993 3062 siugulis
1016 2978 1092 3042 locis
1114 2977 1257 3065 epitheta

112 3084 282 3151 inscrenda
302 3085 375 3150 sint.
405 3084 531 3173 Nempe
552 3088 668 3150 mirum
689 3085 859 3169 videretur,
883 3084 1031 3172 Euripidi
1053 3086 1105 3149 val
1127 3086 1257 3151 cuilibet

113 3195 257 3282 scriptori
279 3192 405 3259 Graeco
434 3196 460 3258 si
487 3197 676 3282 permissum
707 3217 771 3258 non
793 3195 924 3278 linisset,
952 3194 1036 3258 idem
1065 3193 1256 3279 adjectivum

112 3302 205 3367 modo
226 3324 285 3389 pro
308 3303 497 3383 necessario,
519 3302 613 3366 modo
636 3324 694 3389 pro
716 3303 850 3384 ornanti,
872 3301 967 3366 modo
982 3324 1039 3389 pro
1062 3301 1255 3389 descriptivo

114 3411 253 3498 epitheto
274 3432 438 3497 usurpare.
474 3410 546 3474 Hac
566 3412 636 3498 ipsa
650 3420 755 3475 autem
776 3432 810 3474 re
833 3433 1061 3497 nonnunquam
1088 3409 1255 3474 molestum

113 3518 147 3582 fit
168 3518 210 3584 de
229 3540 294 3582 uno
315 3518 457 3584 alterove
480 3519 621 3606 epitheto
640 3530 763 3584 certum
785 3519 934 3607 quodque
955 3520 996 3584 ab
1020 3518 1165 3583 omnibus
1182 3541 1253 3606 par-

115 3627 195 3691 tibus
218 3635 303 3691 stare
324 3627 425 3712 possit
441 3627 597 3713 judicium
619 3628 741 3709 facere,
763 3637 814 3709 ut,
847 3629 875 3691 si
895 3649 977 3713 quae
999 3626 1059 3691 hoc
1079 3627 1113 3691 in
1134 3647 1253 3712 genere

115 3757 225 3820 parum
245 3744 331 3798 recto
353 3736 445 3799 alicui
465 3735 625 3801 interdum
648 3734 807 3822 disputare
828 3734 958 3818 videar,
980 3734 1041 3798 hoc
1062 3756 1125 3798 non
1147 3735 1254 3816 nimio,

116 3864 242 3929 quaeso,
264 3845 388 3908 crimini
410 3843 487 3907 mihi
510 3843 609 3909 detur.

195 3955 215 4034 ξ
237 3952 266 4016 2.
310 3953 361 4016 Ac
389 3952 428 4015 dc
449 3952 637 4016 necessariis
658 3950 806 4038 epithetis
834 3951 932 4016 verba
952 3949 1057 4015 facere
1078 3972 1142 4015 non
1175 3971 1254 4036 opus

118 4067 161 4122 est
191 4061 266 4146 quia
298 4069 444 4147 apertum
473 4069 521 4124 est
553 4058 790 4125 adnumeranda
826 4058 874 4122 his
908 4080 978 4123 esso
1013 4057 1119 4122 omnia
1139 4057 1254 4145 quibus

119 4186 163 4230 ros
184 4190 381 4255 personasve
404 4171 443 4234 ab
465 4169 532 4233 aliis
555 4168 697 4254 ejusdem
718 4171 843 4254 generis
865 4167 916 4231 vel
934 4167 1069 4231 nominis
1084 4167 1179 4231 rebus
1201 4166 1253 4230 vel
