2738 4830
626 703 661 804 Ι.

282 1048 286 1053 ·
373 1020 376 1026 ,
444 935 814 1020 Βελεειαίαελὶνε.

149 1146 170 1226 ῧ
184 1145 236 1211 40.
279 1143 535 1210 Determinativa
549 1153 583 1210 ut
597 1146 767 1210 maximam
783 1144 1072 1230 „necessarioruffl
1088 1154 1211 1235 partem

72 1251 250 1335 effecerunt,
270 1252 315 1317 aio
331 1251 630 1340 „descripuvoruffl
646 1273 813 1317 nnmerum
835 1252 1108 1340 comprehendunt
1121 1254 1211 1319 mini-

70 1379 161 1425 nam.
183 1357 253 1425 Neo
273 1359 334 1424 boo
354 1359 469 1425 mirum
489 1360 637 1445 cuiquam
657 1357 826 1443 videbitur,
849 1358 943 1424 modo
959 1368 1067 1425 teneat
1081 1360 1209 1427 omnino

68 1465 125 1532 hoe
152 1467 396 1556 oompoaitorum
426 1487 528 1552 genus
549 1467 648 1532 multo
683 1466 787 1530 minus
809 1488 887 1552 prae
909 1488 944 1531 se
963 1467 1047 1532 ferre
1069 1468 1209 1554 speeiem

66 1576 234 1662 poetieam,
255 1596 351 1662 quam
372 1573 556 1640 attributiva
577 1582 608 1638 et
623 1571 855 1661 dependentiae
870 1556 1053 1660 composita.
1095 1574 1209 1661 Itaque

66 1690 197 1770 propter
220 1682 371 1768 exiguum
392 1703 558 1747 numerum
581 1681 788 1766 segregandis
810 1681 931 1746 duobus
956 1683 1161 1746 nominalium
1177 1692 1209 1747 et

64 1788 261 1858 verbalium·
287 1789 504 1876 exemplorum
547 1788 728 1874 agminibus
771 1788 864 1853 faoile
905 1789 956 1852 hie
1002 1789 1209 1877 supersedere

64 1918 235 1984 possumus
301 1918 375 1963 nam
433 1904 561 1984 praeter
617 1896 778 1961 laudatum
833 1896 903 1981 jam
959 1889 1209 1981 χαλκεομὴααωρ

63 2003 183 2070 Troad.
213 2004 273 2070 271
301 2007 337 2088 (g
357 2004 413 2089 39)
433 2013 467 2070 et
486 1995 613 2081 ἐνάλιος
643 2006 702 2090 (Η)
723 2003 897 2070 nominalis
918 2005 1045 2069 omnino
1067 2027 1132 2069 non
1155 2006 1208 2068 in·

62 2113 244 2178 veniuntur.
286 2111 358 2177 Hoo
391 2120 496 2177 antem
529 2111 654 2196 remigii
686 2112 848 2199 epitheton
882 2119 929 2175 eat
961 2109 1041 2178 Hee.
1063 2113 1104 2179 39
1125 2107 1208 2199 πρὸς

62 2209 154 2285 olm
187 2210 377 2296 εὐθύνοντες
409 2214 539 2286 ἐναλίαν
559 2211 702 2306 πλάτην,
735 2240 871 2305 quooum
904 2218 942 2284 of.
966 2218 1083 2286 Troad.
1110 2221 1207 2290 1095*

60 2321 227 2395 ἔναλλαισι
247 2319 390 2404 πλάταις
411 2337 444 2393 et
464 2326 537 2393 Hel.
559 2328 621 2394 526
643 2321 776 2412 εἰναλίῳ
800 2319 907 2413 κώπᾳ,
930 2348 1013 2415 quae
1035 2338 1083 2394 est
1103 2329 1207 2395 forma

60 2435 237 2502 Homeriea
257 2435 303 2521 (δ.
324 2435 386 2501 443
405 2431 456 2511 alc
476 2425 537 2519 γάρ
557 2430 717 2519 αἐλναλλῳ
741 2429 834 2521 παραὶ
854 2427 942 2522 κήτει
962 2433 1133 2522 κοιμηθείη
1143 2438 1166 2522 3)

146 2543 167 2624 ξ
187 2544 238 2610 41.
280 2543 341 2609 His
362 2544 552 2608 enumeratis
575 2543 620 2608 nil
638 2542 785 2630 impedit,
815 2543 983 2629 quominus
1004 2543 1042 2609 ad
1066 2544 1208 2608 verbalia

60 2652 171 2716 statim
190 2660 408 2732 transeamus,
429 2673 563 2738 quorum
585 2650 713 2737 quidem
735 2673 816 2738 quae
837 2650 953 2717 suffixo
975 2671 993 2715 o
1014 2651 1206 2717 oonoludun·

59 2766 117 2825 tur
146 2758 283 2846 primum
310 2758 414 2825 locum
445 2759 617 2825 obtineant.
672 2759 722 2823 Ao
754 2759 891 2845 primum
919 2758 1049 2845 quidem
1070 2759 1205 2822 tonitrua

60 2865 227 2954 epitheton
250 2876 299 2932 est
317 2858 530 2954 βαρύβρομος
552 2889 560 2931 :
582 2866 702 2932 Phoen.
727 2865 804 2931 182*
825 2857 1035 2951 βαρύβρομοι
1056 2859 1206 2949 βρονααλς

59 2971 149 3041 idem
169 2973 209 3038 ‹le
222 2975 440 3040 instrumentis
462 2975 590 3041 musicis
613 2973 816 3063 praedicatur
837 2997 845 3038 ε
868 2972 985 3039 Baooh.
1004 2974 1082 3040 156*
1095 2979 1206 3059 βαρυ-

59 3070 193 3168 βρόμων
223 3075 292 3148 nitro
321 3070 513 3166 αυμπόνωνς
549 3081 623 3148 Hel
655 3083 752 3150 1351*
781 3075 992 3166 βαρύβρομον
1033 3070 1143 3146 αὐλόν.
1168 3117 1202 3129 -

62 3187 237 3256 Manifesta
256 3189 390 3256 Homeri
411 3191 545 3256 imitatio
568 3199 616 3256 eat
636 3189 670 3257 J.
691 3190 733 3256 A:
754 3189 844 3274 207*,
867 3188 921 3255 ubi
943 3188 1108 3254 Achilleus
1129 3187 1204 3253 λαι-

61 3287 275 3389 ψηροδρόμος
296 3297 492 3385 appellatur3
515 3308 547 3363 at
567 3306 661 3385 poeta
683 3298 791 3384 epious
813 3297 947 3384 simplici
968 3286 1133 3383 λαιψηρός
1147 3295 1206 3361 fuit

61 3415 230 3475 oontentus
264 3409 318 3490 (Φ.
339 3407 426 3492 264).
468 3405 615 3494 Euripidi
646 3415 753 3471 autem
785 3404 861 3471 illud
884 3426 949 3470 non
972 3404 1111 3487 suffecit,
1141 3426 1203 3490 quo

62 3514 181 3603 pedum
213 3514 346 3580 Achillia
378 3517 572 3582 celeritatem
607 3512 749 3598 efferret3
779 3536 854 3578 nam
885 3512 968 3577 idem
996 3513 1089 3577 etiam
1109 3503 1204 3592 ταχύ-

62 3641 166 3709 πορος
207 3613 295 3691 πόδα
325 3623 376 3689 ΕΙ.
411 3622 491 3689 451·
504 3623 529 3706 ¹)
566 3621 756 3686 nominatur.
822 3620 946 3686 Eadem
984 3641 1063 3684 voee
1108 3620 1203 3685 etiam

132 3947 153 4015 ¹)
170 3947 254 4001 Verba
270 3947 308 4001 ita
324 3949 461 4000 eoheerent
479 3964 485 3998 τ
503 3954 572 4005 ἔνθα
590 3944 676 4025 nnrp'p
693 3946 809 4019 λααδεας
827 3956 919 4026 τρέφεν
936 3941 1046 4005 Ἐλλάδι
1064 3948 1119 4017 otis
1132 3953 1203 4005 een·

63 4035 108 4104 δας
124 4030 238 4092 εἰνάλιον
254 4030 329 4108 privos
349 4031 499 4111 εαχίπαραν
515 4034 575 4090 πεδ’
594 4028 743 4110 Ἀτρείδαις,
761 4035 806 4088 nbi
825 4050 926 4088 oomma
943 4050 958 4084 ε
976 4035 1136 4085 Kirobhoffio
1148 4032 1203 4099 qui·

64 4119 122 4171 dem
139 4127 197 4187 post
222 4116 300 4195 pisos
326 4120 437 4186 positum
463 4121 558 4197 tollens
580 4119 736 4196 ταχύπορον
762 4137 822 4173 oum
840 4120 955 4172 Seidlero
979 4120 1012 4171 od
1036 4120 1120 4187 ipsum
1138 4120 1203 4171 illud

64 4201 138 4280 γε’ναν
166 4208 257 4258 refero.
294 4204 453 4283 Ταχῦααρας
476 4202 548 4262 irritu
573 4207 591 4258 ἰ.
609 4222 631 4256 e·
667 4201 753 4276 αδδας
779 4209 812 4259 ad
838 4207 907 4259 idem
933 4207 1014 4270 redit,
1041 4223 1091 4272 quo
1118 4201 1204 4280 ααχδς

66 4287 147 4362 seirius
164 4293 245 4345 Andr.
266 4298 338 4345 128⁷.
