2738 4830
492 212 732 284 ·-ιιο-
827 289 832 301 ,

206 394 418 485 τετρασκελές
437 391 630 486 θ’ύβρισμα,
654 393 849 487 Κενταύρων
870 399 966 486 γένος,

207 498 332 593 Φοίύιμ
353 501 516 587 ἐπελθών,
536 498 563 572 ul
582 500 713 573 κάκιστε
731 507 902 590 βασιλέων,

208 615 286 699 ἐροῦ
304 613 363 683 τίν’
384 606 476 703 ἄνδρ’
495 611 630 701 δίριστσν
651 611 829 702 ἐγκρίναιεν
849 610 889 682 δίν

207 712 289 807 ἢσύ
309 723 417 789 παῖδα
438 718 491 788 τδν
511 715 594 808 ἐμόν,
617 717 652 788 δν
670 715 714 789 οδ
734 730 800 810 φῆς
820 715 903 790 εἶναι
925 722 1039 788 δοκεῖν.

87 899 91 908 ,
141 828 232 894 Haec
257 831 353 915 igitur
383 831 442 894 nisi
465 841 603 896 exstaret
628 832 706 896 illud
731 833 821 917 revoc
840 841 947 922 essent
983 853 1060 896 sane
1083 830 1198 917 simpli·

61 937 196 1001 cissima.
250 935 335 1002 Num
376 930 570 1024 Κενταύρων
591 930 738 1024 ὕβρισμα
768 938 1001 1026 quodammodo
1037 938 1198 1025 periphra-

65 1046 143 1109 stice
192 1045 310 1110 dietum
361 1068 431 1110 esse
483 1047 685 1112 statuendum
729 1055 815 1112 esset
867 1069 926 1134 pro
981 1041 1201 1129 Κενταύρους,

59 1153 110 1217 ita
123 1148 249 1235 tamen,
280 1162 316 1218 ut
345 1154 482 1242 superbe
503 1163 537 1220 et
557 1166 648 1220 atrox
671 1155 904 1222 Centaurorum
926 1164 1040 1219 natura
1060 1152 1124 1218 huc
1144 1153 1201 1217 cir·

59 1254 303 1325 cumlocutiune'
335 1283 397 1326 non
430 1262 522 1326 aliter
560 1262 859 1347 subintellcgerctur
891 1271 987 1348 utque
1015 1262 1049 1325 in
1077 1255 1204 1346 α’νδρδν

60 1367 211 1454 Φεραίων
226 1367 392 1455 παρουσία
405 1369 476 1455 Alc.
494 1371 556 1434 606
575 1369 634 1434 hos
655 1371 862 1434 vinaceorum
888 1369 1001 1433 adesse
1026 1369 1203 1456 periphrasi

59 1477 189 1563 insuper
233 1475 392 1540 indicatur
428 1475 484 1561 (ef.
525 1479 545 1558 ξ
582 1477 656 1560 72);
702 1485 867 1564 praeterea
910 1475 1126 1563 τετρασκελές
1171 1485 1212 1540 nt

60 1583 129 1648 Alc.
156 1584 218 1650 606
255 1573 388 1668 εύμενὴς
423 1584 590 1669 trajectum
626 1606 697 1649 esse
729 1583 923 1649 credendum
959 1593 1052 1648 esset.
1109 1584 1213 1650 Nunc

63 1713 138 1756 vero
164 1691 296 1761 utillud
328 1690 420 1776 γένος
441 1693 635 1779 explicemus
658 1692 815 1779 duplicem
839 1691 1039 1779 periphrasin
1062 1699 1209 1757 statuere

61 1799 212 1886 cogimur.
253 1798 336 1865 Puto
360 1800 457 1886 igitur
479 1800 745 1888 Amphitryonem
771 1801 928 1865 concitate
948 1800 999 1864 hic
1019 1800 1209 1887 loquentem

64 1908 200 1992 primum
232 1929 303 1971 cum
343 1897 488 1992 ύβρισμα
532 1910 716 1994 genetivum
752 1897 946 1994 Κενταύρων
989 1908 1203 1992 conjunxisse,

66 2014 181 2078 deinde
201 2024 306 2079 autam
342 2015 481 2101 primarii
520 2016 655 2080 nominis
683 2016 754 2102 jam
785 2016 916 2080 oblitum
952 2017 1085 2102 insuper
1115 2016 1202 2102 γένος

65 2122 226 2187 addidisse
239 2122 274 2205 1).

144 2230 284 2295 Alterius
307 2230 368 2294 loci
389 2231 490 2294 verba
511 2239 639 2294 exstant
661 2230 759 2295 Rhes.
781 2231 862 2296 360*
885 2251 953 2316 squ.
975 2252 983 2292 :

209 2329 277 2421 δροί
298 2333 370 2402 ποτ’
391 2330 494 2413 αὖθις
513 2334 536 2401 ci
555 2333 681 2402 παλαιοὶ

211 2444 315 2533 Τροία
334 2441 408 2522 τούς
429 2440 600 2531 προπότας
620 2437 863 2531 παναμερεύσει

209 2545 349 2629 διύσους
369 2549 499 2640 ἐρώτων

214 2661 379 2750 ψαλμοῖσι
400 2662 457 2728 καί
478 2659 616 2728 κυλίκων
635 2654 878 2746 οἰνοπλανὴτοις

211 2767 394 2850 ἐπιδεξίους
413 2765 588 2852 ciuilium

62 2880 115 2943 ubi
137 2879 240 2965 primo
271 2877 382 2943 obtutu
416 2878 609 2943 offendimur
629 2878 798 2943 verborum
821 2878 1045 2963 conjunctione
1069 2873 1196 2941 κυλίκων

62 2976 311 3071 οἰνοπλανήτοις
341 2986 523 3068 ἐπιδεξίοις
556 2983 720 3067 ύμίίίαις.
774 2985 861 3066 Quid
892 2988 976 3049 enim
1009 2984 1069 3048 sibi
1097 2984 1198 3048 volunt

64 3097 137 3162 οιίιο
159 3097 302 3161 muntia
322 3118 387 3160 scae
408 3096 600 3180 sucipientis
619 3094 805 3180 poculcrrun
826 3093 1027 3159 certamina?
1047 3092 1114 3159 Sed
1136 3112 1198 3155 cen·

64 3225 154 3269 cessa
173 3203 305 3289 epitheti
326 3203 514 3289 trajectione
535 3203 643 3267 omnia
662 3202 745 3266 bene
760 3200 948 3288 procedunt,
969 3199 1066 3264 mede
1080 3223 1123 3265 ne
1137 3220 1199 3264 cum

63 3312 221 3376 nonnullis
255 3309 486 3375 recentioribus
521 3310 708 3374 scholiastae
750 3310 993 3395 explicationem
1033 3308 1200 3394 sequaris:

66 3410 306 3505 οίνοπίανήτοις
326 3422 398 3493 τοῖς
419 3414 476 3482 διδ
496 3418 556 3482 τοῦ
573 3416 662 3482 οίνου
680 3408 910 3501 παραγούσαις
929 3408 982 3481 τδν
1002 3420 1091 3499 vorin
1114 3416 1202 3480 immo

65 3517 294 3611 οἰνοπλύνητος
322 3534 371 3589 est
400 3525 433 3589 ἐν
466 3523 546 3608 οίνῳ
579 3525 707 3589 πλανῶν
729 3525 784 3609 (cf.
809 3527 865 3588 Ar.
888 3524 964 3610 hys.
1002 3523 1081 3587 122?
1113 3516 1196 3609 ἦμαῑι

65 3633 94 3698 δ’
123 3629 155 3698 ἐν
185 3626 261 3717 ούνῳ
291 3624 457 3714 ξυμπόται
486 3621 688 3717 σοφωτάτω)
711 3656 719 3696 ι
741 3632 855 3696 'l'ctius
885 3632 984 3716 igitur
1005 3631 1067 3695 luci
1100 3651 1188 3695 sensu

69 3849 265 3858 .-.-——--

130 3986 150 4051 ¹)
169 3986 330 4052 Hartungius
356 3987 435 4038 verrit
452 4005 459 4036 :
479 3987 546 4050 „suad
562 3989 634 4056 {rape
650 3986 693 4039 διν
720 3987 865 4039 Centaurea
882 3985 1039 4052 uiersasss‘pcc
1052 3984 1167 4038 Τι’σινιιιι

60 4076 102 4126 ι’ίιι
121 4073 289 4127 (sancticetur.
