2738 4830
653 459 874 525 ..196-

192 633 362 725 μιοὶοματα
379 641 433 724 (of.
449 638 548 727 Soph.
570 639 611 707 O.
626 640 665 704 R.
680 640 781 728 ῥῦσαι
804 637 842 706 δὲ
863 642 928 705 πᾶν
948 640 1080 721 μίασμα
1100 643 1162 706 τοῦ
1182 638 1324 728 τεθνηκό-

193 751 271 834 τος).
312 748 504 812 Insolentius
525 749 618 813 etiam
641 748 756 812 dietum
773 758 823 814 est
835 743 997 834 α’ρχαγούς
1011 741 1097 830 εἶχον
1105 741 1206 831 τιμάς
1216 749 1326 815 Troad.

197 858 273 923 196*
292 857 383 921 doeio
404 857 548 940 Ιιοπονοος
572 879 645 920 nam
661 847 801 943 ἀρχηγός
821 858 1008 944 plerumque
1030 867 1079 922 est
1100 858 1326 923 substantivum

194 965 266 1050 (sed
320 966 358 1030 cf.
402 969 422 1046 ξ
466 967 530 1047 17).
594 964 664 1029 Nec
705 967 826 1030 minore
868 966 999 1031 audacie
1040 966 1139 1031 verba
1188 988 1326 1052 pronun·

192 1074 311 1136 tientur
331 1071 409 1136 Her.
440 1073 500 1136 fur.
522 1073 584 1137 992
603 1069 648 1148 ὠς
668 1066 754 1148 ἐντος
785 1067 860 1159 ἔστη
891 1077 972 1147 παῖς
993 1072 1110 1159 λυγροῦ
1127 1064 1325 1154 τοξεύματος,

189 1172 414 1264 μυδροκτύπον
443 1177 572 1266 μίμημ’,
603 1175 688 1266 ὑπὲρ
722 1172 804 1267 κάρα
832 1174 945 1260 βαλών
972 1171 1068 1260 ξύλον
1087 1183 1248 1268 καθῆκεν,
1280 1181 1325 1245 ubi

190 1279 415 1373 μυδροκτύπον
442 1288 572 1374 μίμημα
601 1297 650 1353 est
677 1311 735 1374 pro
762 1282 993 1375 μυδροκτύπου
1018 1285 1149 1374 μίμημα
1171 1290 1323 1374 totiusque

193 1396 346 1459 enuntiati
378 1395 610 1482 appositionem
632 1394 730 1458 efficit
751 1397 865 1479 (wobee‘
882 1420 915 1459 er
943 1384 1031 1460 einen
1062 1395 1210 1461 sohmod
1238 1395 1322 1461 naon

193 1504 318 1588 aimo).
342 1541 376 1551 -
400 1503 655 1585 Matrimonium,
678 1525 740 1588 quo
756 1505 827 1590 quis
843 1526 913 1567 cum
927 1503 1044 1567 herede
1065 1504 1132 1568 filie
1146 1503 1321 1588 conjunctus
1365 1512 1367 1517 ’

192 1622 247 1693 est,
280 1611 456 1699 appellatur
487 1605 638 1696 ἔγκληρος
670 1599 743 1696 εὐνν)
764 1610 861 1698 Ηίρρ.
886 1612 964 1676 1011
988 1632 1046 1698 pro
1067 1606 1227 1698 ἐγκλήρου
1248 1601 1320 1694 mirri.

191 1721 320 1784 Artiore
341 1718 479 1805 quodam
500 1718 627 1782 vinculo
649 1719 786 1804 copulati
807 1727 880 1781 sunt
900 1719 959 1781 looi
981 1741 989 1781 :
1010 1717 1085 1783 Jon.
1107 1718 1188 1785 883*
1209 1708 1321 1802 a'ypmi·

192 1827 259 1902 λοις
291 1827 422 1913 κέρασιν
430 1850 440 1910 ;·
463 1863 497 1874 -
521 1825 620 1912 Hipp.
648 1826 712 1892 952
742 1826 783 1891 δι’
815 1818 951 1917 α’ψύχου
979 1827 1083 1912 βορᾶς
1095 1827 1139 1911 1);
1173 1863 1208 1874 -
1244 1824 1319 1912 Cyol.

191 1936 251 2000 247
276 1930 387 2010 &aaron
408 1926 575 2019 ὀρεσκόου;
600 1971 634 1981 -
658 1933 735 1998 Her.
757 1935 817 1998 fur.
845 1937 906 2001 543
927 1928 965 1999 τὸ
987 1926 1124 2014 Κάδμου
1144 1925 1320 1998 ἑπτάπυλον

190 2035 258 2122 ἔχει
288 2032 419 2127 κράτος;
443 2078 477 2089 -
502 2040 577 2106 Jon.
600 2041 679 2104 204*
705 2035 763 2104 τᾶν
783 2042 851 2126 πῦρ
884 2037 1043 2105 πνέουσαν
1063 2039 1187 2127 ἐναίρει
1207 2027 1316 2127 τρισώ-

190 2172 291 2230 ματον
319 2140 438 2232 οἷλκάν;
468 2171 541 2212 nam
562 2149 596 2212 in
616 2149 665 2212 his
688 2170 750 2212 non
773 2149 864 2212 aliter
884 2150 1028 2235 quidem,
1052 2170 1148 2235 quem
1170 2148 1202 2210 in
1227 2168 1321 2212 exem·

190 2259 251 2345 plis
268 2258 336 2343 jam
365 2268 459 2322 antee
487 2255 638 2339 laudetis,
669 2256 808 2343 epitheto
834 2258 974 2343 ipsorum
996 2256 1154 2340 genetivis
1175 2253 1322 2320 vertendo

192 2376 280 2447 sunt,
312 2374 348 2430 ut
378 2367 411 2429 in
442 2364 613 2429 vernacula
641 2363 751 2448 lingue
771 2364 889 2428 hebess
912 2387 919 2427 ε
940 2365 998 2428 mit
1018 2364 1079 2428 deo
1100 2364 1253 2428 Hb'rnem
1273 2361 1321 2426 der

187 2474 233 2537 im
272 2475 385 2538 Freien
423 2472 622 2539 Wohneoden
633 2495 645 2554 5
684 2471 782 2536 durch
813 2472 920 2558 ὅμοιον
954 2496 1024 2537 vom
1056 2472 1227 2554 Lebloeen3
1261 2493 1322 2535 vom

74 2568 77 2571 ¹
196 2581 304 2646 Wolrle
325 2581 381 2646 der
402 2580 732 2668 Berpbewohneoden5
765 2579 817 2643 dre
839 2579 960 2645 Gewalt
981 2581 1057 2644 iiber
1078 2579 1130 2644 die
1152 2578 1321 2645 Siebentho·

186 2690 256 2783 ripe
276 2689 332 2754 des
352 2689 515 2773 Κράτωνα
538 2689 590 2754 die
605 2688 718 2754 Stdrke
737 2688 792 2753 deo
805 2688 1072 2776 Demirorperipen
1081 2712 1092 2770 ,·
1115 2686 1172 2751 sed
1195 2686 1255 2752 hae
1273 2709 1323 2750 ro·

188 2797 274 2861 tione
294 2819 358 2861 non
375 2798 445 2883 jem
469 2797 564 2888 plens
586 2804 617 2861 et
637 2796 784 2861 absolute
804 2794 840 2859 fit
872 2797 1046 2875 sententie,
1079 2796 1156 2880 quis
1189 2795 1323 2882 epitheto

188 2904 241 2968 ille
264 2926 336 2986 non,
359 2912 502 2968 utentes
516 2895 667 2989 οἷρχργός,
691 2893 931 2988 μυδροκτύπος,
955 2890 1113 2986 συγγενής,
1137 2902 1235 2966 etiam
1256 2900 1323 2967 snb·

191 3012 397 3076 stantivorum
432 3012 577 3098 partibus
612 3011 704 3096 fungi
740 3010 844 3075 solent
879 3014 914 3095 (ξ
945 3010 1016 3092 81),
1056 3008 1112 3076 sed
1150 3009 1220 3072 aliis
1255 3006 1323 3072 loeis

191 3119 349 3204 adjective
386 3141 511 3206 semper
537 3127 618 3183 sunt.
643 3119 796 3205 Itaquee
825 3120 1054 3183 sententiarum
1075 3138 1201 3181 conexu
1224 3116 1249 3180 si
1274 3135 1323 3200 ge·

191 3227 313 3290 netivos
334 3228 448 3312 θηρῶν
469 3224 557 3311 (Jon.
577 3225 687 3309 883*),
719 3217 826 3311 θηρός
845 3224 950 3313 (Cyni.
972 3224 1064 3308 247),
1085 3215 1217 3299 πόλεως
1237 3222 1322 3307 (Her.

188 3334 251 3398 t'nr.
272 3334 359 3417 543)‚-
380 3323 530 3419 πελώρου
554 3332 643 3418 (Jon.
665 3334 741 3408 204)
754 3334 781 3414 ²)
805 3332 1024 3397 subaudiveris
1046 3354 1165 3418 eosque
1183 3331 1323 3417 junxeris

191 3463 263 3505 oum
285 3441 441 3528 epithetis,
463 3443 568 3506 omnia
590 3440 671 3505 bene
692 3441 875 3527 procedent.

273 3548 401 3613 Tertiae
423 3548 532 3612 classis
552 3557 718 3635 praeterea
745 3547 919 3612 illustratur
939 3555 1053 3612 nature
1072 3545 1104 3614 J.
1128 3545 1169 3611 Τ.
1191 3547 1254 3613 949
1272 3565 1322 3627 μα

88 3740 91 3745 ¹
190 3647 378 3743 νοτρᾶπεζα
399 3656 487 3737 ξένια
515 3657 653 3742 hospitia
674 3656 760 3744 ejus,
780 3657 843 3741 'qui
859 3667 1006 3720 οοονατανπ
1026 3655 1117 3721 habet
1135 3651 1322 3738 mmam⁸);

260 3957 280 4024 ¹)
300 3960 419 4010 Ceterum
437 3957 510 4025 gravi
528 3959 672 4024 corruptela
689 3957 759 4007 huno
776 3956 861 4006 looum
874 3955 992 4008 laborare
1006 3957 1061 4022 jam
1078 3955 1176 4007 dudum
1195 3954 1244 4007 viri
1261 3950 1320 4005 noeti

190 4043 382 4096 intellexerunt

258 4136 279 4204 ¹)
298 4138 422 4190 Similiter
438 4138 499 4189 Joh.
518 4137 661 4190 Schmidtio
685 4138 701 4188 1.
720 4152 741 4187 ο.
759 4152 784 4202 p.
804 4140 836 4187 24
853 4136 938 4188 visum
956 4143 1004 4198 est,
1022 4135 1068 4202 qui
1083 4128 1249 4213 τρισόματυς
1265 4121 1318 4203 ὢν)

189 4224 338 4292 genetivum
356 4220 473 4299 πιλόρυυ
490 4223 564 4290 qussi
581 4223 712 4275 involvere
730 4221 869 4273 oontendit

259 4317 280 4386 ³)
299 4320 372 4370 Haeo
390 4314 529 4370 Sohirlitnii
546 4316 682 4384 explicatio
700 4321 748 4379 est,
767 4316 783 4366 l.
802 4331 824 4367 ο.
842 4332 867 4382 p.
886 4318 928 4367 45.
