2738 4830
580 458 797 522 -191-

187 650 1031 810 vomiobawvccrlyocfrg359i.eaofflbe'vuv
1052 672 1163 807 ζεξνγος

777 829 926 850 -θ

177 913 387 1009 τραγοκτόνον
395 912 479 1003 αἷμα
489 920 605 987 Bacch.
621 923 723 989 1392i.
735 946 762 990 e.
774 895 1078 1060 κταιζῖτοςτραῖγου
1099 912 1190 1058 cislau.
1271 889 1273 892 .

848 1077 1024 1101 ᾖ

112 1131 238 1197 Contra
257 1132 290 1195 in
310 1132 437 1197 alterius
458 1133 580 1219 figurae
601 1132 754 1220 exemplis
780 1133 867 1220 p'rius
881 1134 1057 1198 membrum
1071 1133 1254 1198 attributivo

112 1261 208 1303 sensu
237 1260 309 1303 cum
330 1241 480 1327 primario
502 1243 629 1307 nomine
656 1241 860 1328 jungendum
881 1247 931 1306 est
951 1249 983 1303 ct
1003 1242 1135 1306 alterum
1154 1240 1254 1305 solum

112 1346 265 1430 genetivo
286 1346 551 1430 transferendum,
575 1349 659 1436 quod
682 1349 804 1414 eluceat
827 1368 868 1412 ex
888 1346 935 1410 his
958 1369 965 1410 :

176 1477 307 1552 εὐάλιον
320 1493 390 1575 πῦρ
398 1487 431 1554 J.
443 1488 482 1553 Τ.
493 1490 591 1556 1138*
601 1490 621 1554 i.
632 1513 661 1556 e.
678 1465 860 1624 καξόῖἦνιῖρ
880 1483 975 1625 ἠλὲου

177 1727 313 1819 όξόχοιρ
321 1728 566 1812 κτόποςΑοοοΙτ.
576 1736 719 1825 Ohoeph.
739 1738 778 1804 21
787 1739 806 1802 i.
816 1760 843 1802 e.
851 1710 1070 1875 ‘3anOE
1090 1737 1213 1874 natantis.

889 1893 1015 1916 *θ

199 1946 366 2012 Secundae
387 1948 496 2012 classis
518 1949 658 2036 epitheta
672 1950 823 2035 genetivo
844 1949 980 2014 nominis
1001 1947 1152 2013 abstracti
1174 1948 1254 2034 ejus-

115 2077 178 2142 que
194 2057 358 2141 compositi
372 2056 527 2121 vertenda
541 2066 624 2138 sunt,
639 2057 724 2143 quod
745 2057 912 2143 intellegas
927 2077 967 2120 ex
983 2055 1061 2120 Heo.
1076 2057 1137 2122 362
1151 2074 1254 2140 προο-

114 2162 193 2238 θεὶς
224 2152 358 2250 όνόγκην
391 2156 556 2230 σντοποιόν
585 2166 606 2228 ἰ.
628 2181 655 2228 e.
687 2161 878 2238 οιτοποιὶας
911 2163 980 2248 (dcc
1015 2161 1254 2248 Brodbackena)

115 2273 193 2335 sive·
208 2277 268 2336 τοῦ
291 2274 484 2355 οιτοποιεῖν;
512 2293 589 2336 nam
615 2293 673 2359 pro
687 2273 816 2336 nomine
840 2271 998 2336 abstracto
1028 2290 1153 2358 sempor
1188 2270 1255 2334 lere

116 2379 307 2444 infinitivum
328 2401 483 2466 usurpare
503 2381 632 2467 poteris.
930 2387 932 2391 ’

199 2511 302 2576 Venio
324 2511 364 2576 ad
385 2511 509 2576 tertiam
531 2509 674 2594 classem,
697 2509 786 2597 cujus
806 2511 839 2574 in
861 2532 899 2575 eo
913 2509 1042 2597 propria
1063 2520 1176 2575 natura
1191 2532 1255 2575 cer-

116 2619 211 2700 nitur,
235 2619 321 2706 quod
342 2619 475 2706 utraque
496 2619 706 2708 epithetorum
721 2617 864 2683 membra
884 2619 917 2681 in
939 2640 1035 2681 unam
1056 2639 1181 2705 semper
1201 2641 1255 2683 no-

114 2730 234 2790 tionem
257 2714 436 2790 concretam
458 2726 594 2791 conflata
608 2735 690 2808 sunt,
712 2725 800 2812 cujus
818 2733 867 2790 est
880 2725 1049 2809 genetivus
1062 2725 1094 2788 in
1110 2727 1256 2789 versione

116 2830 324 2899 adhibendus.
366 2833 442 2920 Ipsa
466 2841 571 2898 autem
593 2832 733 2920 epitheta
753 2834 797 2898 ita
818 2842 1001 2919 comparata
1022 2841 1111 2912 sunt,
1147 2842 1182 2896 ut
1202 2841 1257 2897 aut

116 2940 186 3005 aliis
206 2941 284 3005 locis
304 2963 368 3006 non
390 2962 462 3006 raro
484 2964 542 3029 pro
564 2941 770 3006 substantivis
792 2949 876 3005 stare
898 2941 1029 3018 soleant,
1051 2947 1105 3004 aut
1118 2962 1160 3004 ne
1168 2938 1256 3025 justa
1362 3033 1363 3036 Ἴ

116 3048 246 3135 quidem
268 3051 331 3112 sint
351 3046 518 3133 adjectiva,
542 3047 599 3112 sed
621 3049 818 3114 substantiva
832 3071 890 3136 pro
911 3047 1076 3134 adjectivis
1095 3055 1254 3135 usurpata.

115 3155 190 3219 Huc
211 3156 315 3222 refero
330 3155 411 3220 Hac.
426 3156 488 3223 254
502 3147 702 3243 δημηγόρους
713 3148 812 3237 τιμάς
833 3156 885 3221 dic
907 3155 1015 3219 Ebrcu
1035 3154 1118 3218 οἰκον
1146 3155 1255 3220 Vollca-

115 3261 265 3345 rcdncr33
288 3263 356 3327 Alc.
378 3263 440 3330 549
460 3255 601 3351 κλῄσατε
643 3259 755 3350 &uode
785 3255 971 3345 μεοαόλους
1000 3261 1151 3327 cacacda‘a‘
1181 3263 1256 3344 (τοῦ

115 3362 295 3455 arcabica)
314 3383 435 3456 portae.

200 3499 323 3579 Quarta
343 3502 492 3590 ¹denique
523 3503 623 3568 classe
655 3525 756 3590 pauca
797 3503 950 3568 contineri
980 3502 1065 3567 volui
1107 3502 1255 3589 epitheta,

116 3631 252 3696 quorum
284 3610 419 3674 alterum
448 3609 489 3675 de
520 3610 644 3675 duobus
665 3611 813 3676 membris
845 3619 894 3675 est
925 3609 1129 3698 superfluum.
1172 3608 1256 3676 Sunt

115 3717 213 3802 igitur
243 3716 297 3782 illa
315 3718 466 3803 genetivo
487 3717 556 3804 ejus
577 3718 713 3783 nominis
734 3717 974 3801 transferenda,
1008 3717 1092 3805 quod
1113 3716 1255 3782 membro

116 3847 182 3889 non
211 3824 385 3890 abundanti
416 3826 601 3891 continetur.
645 3824 741 3903 Quod
766 3847 942 3912 cognoscas
970 3847 1011 3888 ex
1044 3823 1117 3889 Hel.
1142 3810 1201 3889 154
1222 3822 1257 3887 ἐν

115 3932 232 4017 φοναῖς
260 3924 473 4021 θηροκτόνοις
494 3935 513 3998 i.
537 3956 563 3999 e.
583 3935 706 4020 θηρῶν,
739 3931 838 3996 Rhes.
860 3933 921 3998 606
944 3923 1152 4017 καρατόμους
1171 3948 1256 4021 σφο-

115 4026 177 4126 γός
196 4040 216 4105 i.
239 4063 267 4107 e.
289 4041 407 4128 capitia
428 4039 560 4106 caedem.

200 4177 219 4256 ξ
240 4175 291 4241 82.
312 4173 609 4241 Hisinuniversum
621 4173 802 4260 praemissis
811 4171 853 4239 ad
864 4172 1061 4258 singulorum
1068 4171 1135 4258 jam
1151 4192 1256 4245 exem·

117 4281 242 4372 plorum
264 4279 534 4347 enumerationem
554 4298 606 4344 me
627 4287 788 4345 converto.
830 4280 881 4344 Ac
895 4281 1025 4366 primae¹
1037 4278 1166 4365 quidem
1181 4277 1257 4344 clas-
