2738 4830
573 430 790 495 -130-

112 614 193 680 408*
223 602 343 700 Πάφον
373 604 548 699 ἄνομβροι,
580 612 635 677 ubi
665 621 770 678 tamen
798 613 853 678 vix
885 621 970 679 reete
1003 635 1039 678 ee
1059 612 1152 678 habet
1168 614 1230 678 illud

113 709 250 806 Πάφον,
272 741 347 783 nam
379 719 419 784 de
441 721 593 809 Aegypto
623 719 737 785 chorus
757 720 906 807 loquitur.
932 719 1045 786 -hd
1075 730 1231 786 extremum

113 827 241 915 profero
268 820 454 913 όψλπυρμος
473 849 484 893 .·
506 826 624 892 Troad.
646 826 709 893 376
738 822 776 890 οὐ
805 828 862 912 γῆς
882 819 947 912 ὅρι’
975 818 1231 916 ἀποστερούμενοι

111 925 180 998 οὐδ’
201 929 395 1022 δψιπύρμσυ
415 933 588 1020 πατρίδος.

178 1685 347 1764 Secunda
370 1687 539 1764 membra
563 1700 740 1764 mutatam
767 1687 944 1765 exhibent
969 1689 1184 1792 simplicium
1276 1654 1279 1799 l

597 1813 766 1891 formam.

201 2013 221 2090 ὅ
244 2010 293 2074 52.
336 2009 552 2074 Enumerandi
571 2011 695 2075 initium
716 2012 756 2076 ab
779 2010 928 2098 epithetis
957 2011 1074 2076 faciam
1095 2035 1113 2076 e
1134 2009 1232 2075 duobos

124 2115 329 2181 substantivis
351 2118 548 2203 compositis,
569 2119 652 2182 inter
671 2141 752 2204 quae
782 2117 909 2206 quidem
940 2110 1118 2204 κυανσνμής
1147 2103 1234 2201 (αδμό)

120 2223 190 2289 Alc.
213 2225 293 2291 261*
314 2219 369 2288 ὑπ’
391 2219 517 2311 δφρόσι
538 2227 728 2310 κυανσνμέσι
749 2227 918 2290 manifesto
940 2225 1146 2291 Homericum
1166 2223 1235 2291 redo·

120 2331 164 2396 let
184 2329 333 2419 κυανέῃσι
356 2326 408 2397 ἐπ’
428 2324 553 2420 δφρόσι
575 2335 630 2418 (A.
652 2335 722 2415 628,
747 2337 782 2399 0.
807 2333 890 2418 102).
915 2370 949 2381 -
974 2332 1143 2399 Praeclare
1166 2331 1235 2398 lacri-

120 2458 241 2502 marum
256 2440 339 2503 nitor
355 2462 425 2504 eum
441 2439 609 2526 splendore
626 2441 733 2505 electri
756 2451 957 2527 eomparatur
978 2439 1078 2528 Hipp.
1104 2441 1179 2506 741*
1195 2439 1236 2502 δσ-

119 2535 220 2630 κρόων
251 2543 310 2622 τοὶς
331 2542 563 2633 ἠλεκσρσφαεῑς
592 2539 693 2633 αδγός
724 2550 758 2632 (ἕ
779 2550 844 2633 72).
888 2549 971 2614 Item
1006 2550 1176 2615 formatum
1202 2553 1238 2612 cot

119 2647 309 2742 χρυσοφαής
336 2645 464 2741 (φάος),
493 2654 576 2721 Solis
598 2657 761 2743 epitheton
784 2655 864 2720 Hoc.
886 2656 985 2739 636*,
1009 2659 1137 2722 Ameria
1159 2655 1238 2741 Hipp-

124 2767 220 2830 1276*
249 2776 281 2831 et
310 2755 528 2850 φοινικσφσιὴς
549 2790 556 2830 :
577 2765 652 2832 Jon.
672 2764 748 2829 163*
768 2759 828 2828 οδκ
851 2760 936 2850 όέλλᾳ
955 2766 1154 2851 φοινικοφαῆ
1173 2755 1240 2828 πόδσ

121 2863 271 2958 κινήσεις,
292 2874 378 2958 quod
402 2874 440 2938 de
456 2894 556 2959 cyeno
579 2872 773 2937 dictumest.
796 2909 830 2920 -
856 2872 909 2936 De
930 2873 1006 2940 Jon.
1024 2873 1103 2938 1207
1127 2864 1241 2959 θνήσκει

121 2977 375 3065 φοινικοσκελεῖς
415 2974 518 3065 χρλοῖς
548 2983 694 3065 παρεῖσα
724 2978 762 3042 cf.
796 2981 816 3060 ,6,
848 2980 897 3043 te.
921 3018 958 3028 -
982 2981 1098 3067 Apollo
1131 2989 1241 3046 vocatur

120 3079 323 3176 χρυσοκόμης
345 3079 454 3174 (κόμη)
479 3111 486 3152 :
509 3088 620 3176 Suppl.
643 3088 740 3168 976*;
761 3088 795 3155 J.
819 3087 858 3152 T.
884 3088 999 3172 1237*;
1022 3087 1141 3152 Troad.
1163 3086 1241 3163 254*;

123 3195 177 3278 (σε.
209 3196 265 3258 Ar.
288 3195 448 3278 Av.217;
471 3195 563 3260 Pina.
586 3194 637 3262 01.
660 3195 709 3260 vr
729 3195 806 3278 41);
835 3193 867 3260 J.
891 3198 930 3259 Α.
958 3195 1038 3262 548*
1059 3196 1196 3280 (Amor).
1213 3226 1243 3241 -

122 3301 198 3367 Jam
220 3302 380 3385 nonnulla,
402 3325 484 3390 quae
505 3305 537 3368 iu
562 3344 596 3353 -
621 3294 709 3388 ειδής
731 3303 857 3386 eadunt,
880 3302 1038 3390 proferam
1060 3325 1068 3368 ε
1090 3293 1244 3389 σῖρμυρσιι·

123 3402 184 3496 δός
204 3432 211 3472 :
234 3409 266 3476 J.
289 3411 329 3473 A.
351 3408 430 3476 762*
453 3408 545 3486 δίνας
565 3405 810 3496 σῖργυροειδεῖςς
831 3410 870 3475 cf.
891 3410 967 3476 Jou.
992 3410 1051 3477 95*
1076 3405 1245 3480 Romanu

123 3511 348 3602 ἀργυροειδεῖς
388 3517 496 3601 δι’νας,
521 3555 554 3566 -
592 3509 780 3606 κσσνσειδής
809 3540 817 3582 :
849 3518 921 3583 Hel.
968 3518 1046 3582 179*
1079 3514 1247 3589 κυανοειδὲς

125 3619 205 3709 ἄμφ’
226 3618 335 3710 ὕδωρ,·
358 3662 391 3673 -
418 3616 665 3713 πσρφσρσειδὴς
687 3650 694 3690 :
718 3625 836 3690 Troad.
853 3625 930 3692 124*
945 3615 1248 3712 πορφυροειδὴςόλι

70 3776 73 3782 -
125 3755 261 3818 quocum
293 3734 333 3797 cf.
356 3735 471 3798 Aesch.
494 3734 605 3822 Suppl.
638 3735 719 3798 629*
738 3733 835 3820 λλμνφ
856 3734 1118 3820 πορφυροειδεῑ;
1144 3741 1248 3821 quanto

125 3849 229 3905 autem
259 3841 430 3927 simplicius
460 3840 620 3907 Homerus
649 3847 682 3907 ss
712 3842 772 3907 391
805 3830 867 3905 tlte
897 3840 1104 3930 πορφυρόηνλ
1139 3840 1249 3916 Cetera,

126 3947 206 4011 inter
228 3969 309 4034 quae
329 3948 434 4014 refero
456 3938 649 4036 δνθεμιόδης
669 3949 786 4014 Bacch.
801 3949 879 4034 462,
902 3939 1044 4035 σκιιόδης
1064 3947 1177 4037 Suppl.
1193 3945 1249 4025 769,

125 4045 278 4140 χισνιόδφς
299 4054 378 4119 Ησσ.
401 4057 468 4140 8111,
490 4047 697 4142 όοιερσοιδής
726 4056 788 4140 frg.
812 4057 887 4137 114,
916 4047 1123 4143 βοιρνχιόδης
1143 4057 1249 4122 Phoen.

129 4163 242 4246 1485*,
263 4157 455 4249 βοιρυιόδης
476 4163 591 4228 Bacch.
613 4165 694 4229 534*
716 4165 750 4248 (§
772 4162 825 4247 72)
847 4165 879 4226 in
901 4168 920 4244 ξ
941 4164 981 4228 79
1004 4158 1249 4245 enumeramus.

127 4276 147 4356 ξ
168 4273 217 4351 34,
240 4272 260 4335 2
274 4270 310 4355 d)
325 4294 354 4356 p.
370 4272 419 4336 93.
444 4308 478 4318 -
503 4271 642 4337 Eurotae
663 4271 824 4358 epitheton
841 4281 889 4336 est
903 4265 1116 4354 δσνακόχλοσς
1131 4263 1246 4358 (χλόρμ
