2738 4830
567 416 792 480 ,144-

112 595 171 660 129
195 592 312 681 Τροίην
332 584 508 676 εὕτείχεονς
541 598 579 659 Β.
613 595 708 677 113);
730 594 837 680 hymn.
871 595 903 658 in
936 594 1017 659 Ven.
1053 597 1115 661 112
1135 597 1246 683 legitur

111 705 207 768 etiam
229 701 372 788 Φρυγίης
398 692 614 788 caraxatam
647 701 703 765 sed
725 702 986 788 metaplasticum‚
1018 712 1054 768 ut
1074 705 1119 769 ita
1141 704 1246 790 dicam,

112 812 323 875 accusativum
369 801 517 890 εὐτείχεα
557 800 678 894 (πόλιν)
714 809 782 894 jam
823 815 857 874 ll
886 812 926 876 57
972 811 1246 898 deprehendimus.

114 955 147 967 -
184 918 336 982 Extremo
378 917 447 981 loeo
490 939 701 981 commemoro
737 910 851 1004 εὐαγής
885 911 1010 1003 (ἄγος),
1054 943 1119 1006 quo
1157 923 1246 1007 signi·

112 1025 241 1107 ficetur,
269 1025 324 1110 qui
344 1024 469 1111 piaculo
491 1046 553 1088 non
576 1035 683 1109 egeat3
705 1025 801 1090 rebus
822 1034 926 1105 autem
942 1027 969 1090 si
981 1026 1060 1091 illud
1073 1028 1247 1095 attribuitur

112 1133 196 1197 valet
228 1157 356 1219 „parua
388 1131 577 1212 cuadidaa“‚
599 1140 634 1196 ut
653 1132 770 1196 Bacch.
799 1134 861 1198 662
881 1127 986 1214 χιόνος
1007 1126 1136 1221 εὐαγεῖς
1155 1135 1246 1217 βολαί

111 1242 196 1306 aivis
216 1241 354 1306 candidi
370 1241 468 1306 radii.
503 1239 653 1306 Ceterum
686 1243 780 1305 etiam
800 1264 857 1329 pro
881 1242 1114 1329 „descriptivo“
1136 1245 1245 1310 habere

112 1349 173 1411 hoc
192 1350 326 1435 poteris3
348 1348 387 1412 cf.
409 1352 428 1428 ξ
449 1348 499 1429 38,
524 1350 571 1413 lb
590 1372 621 1436 p.
646 1351 714 1414 110.

569 2016 691 2099 CAP.
720 2015 792 2098 IV.

438 2237 740 2307 Personisscationis
768 2237 927 2325 exempla

194 2423 283 2502 §63
327 2421 487 2488 Eximium
517 2422 594 2487 illud
626 2422 779 2487 sermonis
819 2420 936 2487 Graeci
980 2422 1169 2486 inanimatas
1199 2440 1242 2483 res

112 2553 170 2617 pro
192 2530 334 2617 personis
348 2529 518 2594 inducendi
533 2530 672 2594 studium
693 2533 718 2593 ai
734 2529 804 2615 quis
828 2528 935 2593 verbis
958 2529 1063 2593 denuo
1089 2527 1243 2608 celebrare

111 2639 288 2702 institueret
315 2639 508 2718 satietatem,
542 2637 655 2720 credo,
677 2638 715 2701 iis
736 2638 791 2722 qui
812 2637 940 2722 legunt,
962 2635 1100 2701 afferret.
1144 2633 1244 2713 Quare

111 2745 172 2809 hac
203 2746 234 2808 in
268 2767 302 2809 re
325 2754 410 2810 certe
441 2767 507 2809 non
537 2747 596 2810 erit
625 2768 681 2810 cur
701 2745 818 2809 diutius
839 2744 1035 2809 haereamus.
1079 2742 1145 2810 Sed
1168 2740 1244 2831 apud

112 2853 254 2937 singulos
276 2853 446 2938 scriptores
470 2875 565 2939 quam
592 2853 654 2918 late
677 2852 801 2916 dicendi
835 2852 886 2917 ille
908 2873 983 2916 usus
1003 2859 1113 2939 pateat
1134 2872 1245 2936 nequa-

112 2982 207 3045 quam
229 2960 273 3023 ita
288 2961 483 3046 exploratum
500 2969 557 3043 est,
579 2969 613 3024 ut
628 2960 707 3024 fines
729 2959 835 3046 aliqua
849 2982 889 3024 ex
903 2968 992 3046 parte
1008 2959 1245 3047 circumspicias.

113 3069 220 3153 Atque
240 3068 384 3154 inprimis
404 3091 489 3134 nunc
509 3070 618 3154 magni
638 3069 791 3132 momenti
815 3076 864 3132 est
877 3067 986 3132 videre
999 3066 1174 3153 Euripides
1188 3087 1245 3152 quo

112 3175 260 3239 audaciae
281 3177 313 3238 in
336 3176 564 3241 consuetudine
582 3176 636 3240 illa
657 3177 856 3263 processerit.
885 3173 925 3238 In
939 3175 1124 3239 universnm
1147 3183 1245 3239 autem

111 3284 137 3346 si
159 3285 230 3368 quis
252 3285 357 3346 omnia
371 3283 655 3369 personificationie
672 3283 818 3371 exempla
832 3283 981 3367 colligere
997 3282 1082 3366 velit,
1105 3284 1136 3347 ei
1158 3304 1245 3369 prop·

111 3401 159 3454 ter
200 3392 364 3475 ingentem
400 3392 547 3455 nimirum
582 3391 816 3455 multitudinem
851 3390 1001 3477 peculiari
1036 3389 1147 3454 libello
1189 3389 1244 3453 hoo

112 3498 336 3584 praestandum
360 3498 407 3563 sit.
445 3496 551 3576 Quam
566 3498 606 3563 oh
627 3521 705 3581 rem,
726 3499 876 3584 quoniam
892 3498 931 3562 de
946 3497 1129 3583 compositis
1145 3497 1244 3584 dispu-

112 3608 263 3669 tationem
276 3606 468 3670 instituimus
484 3606 644 3692 epithetis,
665 3608 699 3670 in
714 3607 763 3669 his
778 3614 982 3670 remanentes
1000 3612 1160 3690 quatenus
1174 3605 1246 3668 haee

112 3713 197 3798 apud
239 3712 424 3799 Euripidem
468 3713 735 3799 pereonifioationi
766 3713 940 3776 inserviant
987 3712 1244 3799 contemplemur.

112 3819 226 3884 Mirum
258 3822 342 3884 enim
372 3829 420 3884 est
450 3842 511 3884 non
545 3821 645 3884 solum
677 3819 869 3906 Euripides,
902 3818 957 3882 sed
989 3821 1117 3883 omnino
1138 3827 1245 3906 poetae

114 3925 230 3991 Graeci
252 3939 404 4013 quantum
427 3929 487 3992 hoc
507 3929 538 3991 in
554 3948 672 4012 genere
693 3926 917 4013 praestiterint.
961 3923 1025 4010 sic,
1048 3935 1083 3990 ut
1104 3925 1243 4013 exemplo

113 4057 164 4099 res
185 4034 359 4121 probetur,
390 4036 458 4120 igni
490 4035 598 4099 oculus
619 4034 768 4099 tribuitur
789 4033 891 4120 Orph.
913 4034 1021 4121 hymn.
1046 4035 1095 4118 11,
1120 4036 1157 4101 17
1180 4031 1242 4101 tta-

112 4133 275 4230 φρότατον
304 4137 409 4229 πυρὸς
434 4136 541 4226 ὄμμα,
575 4141 631 4206 sed
664 4141 710 4204 his
741 4142 925 4206 venustiora
955 4150 1039 4206 certe
1070 4150 1103 4206 et
1124 4142 1242 4226 elegan-

111 4255 193 4318 tiora
215 4261 288 4317 sunt
309 4250 505 4336 Theognidis
527 4251 624 4314 verba
644 4244 748 4335 πυρὸς
767 4240 968 4333 calcandam
988 4240 1071 4338 αὐγή
1091 4252 1137 4335 (v.
1164 4249 1240 4332 566).
