2738 4830
588 89 785 153 -23-
964 42 976 113 l

118 293 153 336 ιο
174 271 290 336 suffixo
320 271 480 357 adjectiva
506 270 734 352 formarentur,
757 270 863 357 qualia
886 278 959 334 sunt
979 261 1122 356 βώμιος,
1153 263 1255 350 ἅλιος,

115 366 223 460 νύχιος
244 387 367 462 cetera,
390 379 491 465 iisque
521 377 634 442 deinde
656 378 908 464 praepositiones
925 379 965 442 ad
987 379 1151 465 augendas
1171 382 1253 466 ipso-

115 508 181 551 rum
204 486 350 551 notiones
389 495 671 573 anteponerentur,
702 496 757 551 eut
785 496 871 550 recta
908 486 961 549 via
991 509 1010 550 a
1051 487 1254 551 substantivis

116 592 286 681 repetenda
314 604 386 658 sunt
415 597 604 681 composita,
631 596 675 659 ita
704 593 849 683 quidem,
879 603 913 658 ut
942 597 1078 681 primum
1111 619 1181 659 cum
1203 595 1252 659 his

116 702 361 788 praepositiones
403 702 586 786 conjunctas
630 702 728 766 fuisse
772 702 957 783 credamus,
1016 703 1131 767 deinde
1174 703 1252 767 duo-

116 809 170 874 bus
200 809 364 874 elementis
395 811 426 872 in
459 810 613 873 unitatem
644 810 788 874 vocabuli
817 811 885 896 jam
927 812 1074 874 coartatis
1103 810 1253 876 suffixum

117 937 150 982 ιο
178 917 351 982 accessisse
380 916 611 982 secundarium.
636 954 670 966 -
695 917 842 983 Priorem
882 919 1069 983 sententiam
1102 918 1254 1004 Meyerus

116 1026 351 1111 amplectitur¹)
373 1047 432 1089 nec
454 1026 673 1090 omniuobanc
695 1025 917 1090 condemnavit
936 1025 1108 1092 Olemmius
1121 1027 1157 1108 ⁹),
1181 1049 1253 1090 con-

116 1142 161 1198 tra
182 1133 314 1198 alterius
336 1132 515 1219 explicandi
536 1135 666 1198 rationis
693 1145 843 1220 patronus
866 1132 1179 1215 Weissenborniust)
1201 1155 1253 1198 ex-

115 1241 214 1330 stitit„
241 1239 329 1304 Talis
360 1250 464 1304 autem
494 1242 721 1306 sententiarum
745 1239 924 1304 differentia
946 1250 1100 1327 quantum
1124 1242 1252 1304 omuino

115 1349 226 1428 valeat,
249 1369 289 1412 ex
312 1370 349 1411 eo
372 1349 489 1434 optime
511 1348 712 1432 intellegitur,
730 1327 821 1433 ¹quod
844 1348 1017 1411 secundum
1039 1349 1176 1434 priorem
1200 1370 1252 1412 ex·

114 1456 314 1544 plicationem
335 1457 499 1543 utriusque
530 1456 619 1520 seriei
649 1455 787 1541 epitheta
817 1456 1064 1520 determinativis
1085 1454 1253 1520 inserenda

113 1573 192 1646 sunt,
216 1586 290 1628 cum
312 1585 352 1648 ex
374 1563 472 1628 altera
493 1566 525 1627 in
547 1565 802 1628 attributivorum
817 1585 948 1628 numero
970 1564 1154 1628 habeantur.
1174 1562 1252 1628 Jam

112 1693 186 1737 vero
207 1673 241 1735 iu
262 1693 296 1735 re
317 1680 382 1736 tam
404 1671 524 1735 lubrica
545 1670 622 1758 quid
643 1672 711 1757 ipse
728 1672 904 1736 existimem
926 1683 960 1736 ut
976 1693 1143 1758 exponam,
1166 1672 1251 1758 equi·

113 1777 182 1843 dem
204 1778 290 1842 vixa
310 1799 361 1843 me
383 1780 552 1865 impetrare
574 1801 712 1864 possum,
735 1779 810 1865 quin
834 1776 966 1864 Meyero
989 1781 1153 1864 assentiar,
1177 1782 1252 1866 quia

111 1908 401 1968 numerus,corum,
425 1886 540 1972 quibus
552 1909 609 1950 sua
630 1909 692 1950 non
707 1894 833 1951 exstant
844 1886 1006 1973 simplicia,
1029 1910 1099 1951 cum
1124 1889 1252 1952 omnino

112 1993 140 2058 in
171 2015 318 2058 sermone
340 1992 466 2058 Graeco
495 1995 532 2059 iis
562 1997 703 2081 superari
736 1994 882 2058 videatur
911 2016 1033 2081 quasa
1065 2018 1121 2059 suo
1154 1995 1251 2082 quod-

112 2123 171 2188 que
195 2102 328 2187 simplici
350 2112 494 2188 repctere
509 2101 589 2181 licet,
612 2112 677 2166 tum
695 2102 778 2188 apud
794 2102 980 2189 Euripidem
996 2103 1123 2188 quidem
1140 2125 1251 2168 revera

113 2219 288 2296 superatur.
341 2210 393 2274 Ex
425 2232 461 2273 eo
485 2218 607 2292 autem,
641 2209 725 2296 quod
759 2210 860 2274 multa
882 2232 957 2273 sane
981 2209 1122 2296 epitheta
1143 2221 1252 2275 carent

113 2317 326 2403 simplicibus,
358 2340 421 2381 non
453 2328 518 2381 tam
550 2326 669 2382 temere
692 2318 943 2381 concludendum
960 2319 1028 2403 jam
1050 2320 1123 2400 erit,
1157 2319 1248 2382 etiarn

113 2446 236 2513 semper
288 2426 340 2489 illa
392 2426 430 2488 iis
484 2428 632 2491 caruisse.
691 2423 771 2504 Quis
793 2427 875 2487 enim
918 2446 976 2510 pro
1011 2436 1097 2488 certo
1130 2447 1250 2509 negare

112 2531 225 2597 audeat
263 2534 296 2596 in
328 2555 446 2617 magna
466 2532 535 2613 illa,
565 2533 653 2619 cujus
681 2533 840 2617 jacturam
871 2532 1028 2613 dolemus,
1062 2533 1249 2618 scriptorum

114 2644 202 2728 copia
239 2640 397 2729 quondam
451 2643 553 2705 locum
607 2641 755 2705 habuisse
799 2642 893 2704 etiam
935 2662 1030 2703 unum
1076 2640 1249 2704 alterumve

113 2750 247 2835 simplex
268 2750 464 2832 vocabulum,
488 2748 573 2836 quod
595 2771 679 2813 nunc
702 2748 828 2835 quidem
852 2748 995 2814 divinare
1018 2750 1119 2811 solum
1141 2769 1249 2833 possu-

113 2878 221 2921 muse
250 2867 374 2926 servato
396 2856 601 2942 composito?
634 2855 784 2922 Ceterum
808 2867 906 2920 totam
931 2857 1013 2919 hanc
1035 2855 1250 2942 quaestionem

114 2987 173 3029 nou
197 2975 291 3029 antea
311 2965 405 3052 plane
428 2967 632 3052 absoluteque
662 2966 895 3051 dijudicandam
929 2987 998 3028 esse
1019 2964 1154 3028 libenter
1176 2986 1247 3027 con·

114 3074 208 3157 cedo,
243 3095 336 3158 quam
367 3084 542 3138 ceterorum
565 3096 691 3161 quoque
713 3076 900 3160 scriptorum
923 3095 1008 3153 usus,
1031 3082 1186 3158 quatenus
1209 3070 1250 3135 ad

114 3180 171 3244 hoc
190 3183 330 3268 pertinet
360 3184 606 3269 compositorum
634 3205 754 3267 genus,
785 3183 952 3268 diligenter
985 3181 1166 3267 exploratus
1199 3181 1248 3244 sit.

115 3287 175 3366 Qui
207 3287 311 3374 qualis
354 3299 455 3353 exstet
496 3289 581 3374 apud
610 3289 797 3376 Euripidem
830 3290 855 3353 si
887 3289 947 3352 hac
977 3287 1185 3375 disputatione
1217 3286 1250 3349 in

115 3397 253 3460 omnium
274 3405 445 3482 conspectu
466 3399 588 3483 positus
609 3420 694 3461 nunc
716 3397 764 3475 sit,
787 3420 914 3486 operam
937 3406 967 3461 et
989 3396 1093 3460 oleum
1113 3416 1163 3458 me
1185 3417 1248 3457 non

115 3500 288 3586 perdidisse
305 3502 379 3588 jure
400 3503 533 3568 confido.

182 3773 202 3840 ¹)
222 3773 293 3824 curt.
312 3774 385 3824 saud.
402 3775 433 3825 V.
452 3790 474 3840 p.
498 3779 535 3825 18.
557 3778 595 3825 19.

180 3857 202 3925 ²)
220 3859 292 3911 eura
311 3860 383 3910 stau.
402 3861 457 3909 vn.
476 3876 500 3925 p.
520 3865 560 3912 ar.

182 3943 203 4012 ²)
225 3944 272 4009 ,de
290 3945 425 4012 adjectivis
442 3946 590 4012 compositis
608 3944 767 3996 Homericis⁴⁴
787 3944 872 4010 (Halia
890 3946 950 3996 Sex.
972 3946 1046 4010 1865)
1065 3962 1089 4011 p.
1109 3950 1149 3997 27.
