2738 4830
658 463 841 526 -4-

178 642 254 707 tiam
275 642 390 708 fundat
410 633 575 723 βούθυιος
605 639 711 726 ἁμέρα
742 664 801 729 pro
830 636 954 728 ἁμέρα,
975 632 997 728 ᾖ
1016 629 1154 706 θέοντας
1171 632 1268 722 βόες,
1290 646 1322 704 et

179 743 379 837 οακρύρροος
400 743 505 816 &aava
526 774 585 839 pro
600 750 730 816 πολλῶν
750 743 897 836 δακρύων
917 741 1041 835 ἀδυνά,
1063 749 1114 814 vel
1136 771 1230 836 qnam
1245 748 1321 813 arti-

178 860 286 924 ficiose
300 861 462 946 epitheton
475 861 599 924 traiciat
620 861 652 924 in
668 856 911 943 ἑκατογκέφαλος
931 849 1043 945 ὄφεων
1063 848 1228 944 luzeium
1248 857 1271 920 i.
1294 876 1321 918 e.

179 960 449 1055 ἓκατογκεφᾶλων
468 961 579 1051 ὄφεων
599 959 772 1054 textrina.
814 968 897 1032 Item
919 991 938 1032 a
958 967 1083 1053 vulgari
1107 964 1239 1030 -dieendi
1262 985 1323 1028 usn

178 1076 299 1142 recedit
322 1065 485 1156 βούθυτοι
517 1074 727 1163 προστροπαί
757 1106 796 1132 =
828 1099 940 1164 preces
979 1075 1083 1139 multis
1119 1096 1191 1138 eum
1223 1072 1322 1136 sacris

179 1196 336 1273 peractae.
1206 1175 1209 1181 ⁵

262 1294 315 1358 Ab
336 1294 386 1358 bis
406 1294 503 1379 igitur
523 1293 684 1381 profectus
705 1294 750 1356 ita
772 1315 841 1356 rem
865 1293 996 1374 institui,
1019 1300 1054 1356 nt
1066 1292 1099 1355 in
1120 1291 1226 1377 priore
1240 1290 1322 1354 libro

181 1403 319 1490 epitheta
350 1412 521 1466 tractarem
556 1403 624 1466 sine
645 1400 708 1465 ulla
729 1401 856 1466 dicendi
875 1400 1008 1464 audacia
1030 1399 1234 1464 substantivis
1257 1397 1323 1460 suis

181 1508 296 1588 addita,
317 1511 350 1574 in
374 1510 601 1579 altercantem
622 1507 662 1573 de
683 1509 728 1573 eis
747 1529 887 1594 agerem,
910 1529 1044 1594 quornm
1067 1515 1116 1570 est
1135 1503 1323 1571 artificiosis

181 1619 270 1700 sima,
291 1618 316 1681 si
339 1639 467 1683 sensnm
488 1627 624 1704 spectas,
647 1639 718 1681 cum
733 1616 937 1680 substantivis
952 1614 1131 1700 conjunctio
1147 1613 1324 1700 eademque

182 1728 380 1790 acommuni
412 1726 539 1812 quidem
572 1724 762 1812 simplicium
793 1746 853 1789 usu
886 1724 1023 1788 maxime
1051 1731 1183 1786 remota.
1237 1721 1326 1786 Nam

181 1833 267 1919 qued
289 1833 443 1921 simplicia
464 1853 589 1920 qnoque
604 1855 835 1919 nonnunquam
857 1841 923 1898 arte
940 1830 1075 1919 quadam
1092 1852 1162 1894 cum
1178 1830 1324 1895 substan·

181 1942 253 2006 tivis
267 1942 463 2029 copulentur,
485 1941 545 2005 boe
559 1940 687 2004 minime
703 1964 755 2004 me
776 1940 859 2025 fugit
879 1941 934 2022 (cf.
949 1932 1096 2020 νόστιμον
1115 1926 1200 2023 ἦμαρ
1225 1937 1324 2001 Hom.

182 2074 204 2114 α
229 2051 265 2132 9,
299 2050 414 2112 Aesch.
444 2049 533 2137 Sept
557 2050 615 2131 74,
644 2049 677 2116 J.
701 2049 740 2114 T.
763 2051 818 2133 72,
840 2047 945 2133 θῆλυν
975 2040 1071 2132 φόνον
1104 2046 1222 2111 Bacch.
1254 2047 1326 2130 795,

182 2156 332 2240 χλοεραῖς
377 2155 529 2239 λείμακος
567 2151 709 2241 ,ἡδοναῖς
760 2156 875 2222 Bacch.
922 2158 1003 2240 866,
1036 2151 1131 2240 ὄγκον
1170 2143 1328 2232 ὀνόματος

181 2266 330 2351 μητρῷον
350 2267 369 2329 i.
386 2289 413 2330 e.
438 2257 605 2352 μητρῴου)
618 2264 720 2354 Soph.
730 2265 847 2330 Trach.
860 2265 930 2348 818,
943 2265 1000 2329 sed
1014 2264 1225 2350 multomagis
1239 2275 1328 2327 certe

183 2377 313 2461 propria
333 2383 381 2439 est
400 2374 472 2438 talis
493 2375 617 2439 dicendi
640 2373 773 2440 audacia
794 2376 1049 2461 compositorum,
1071 2383 1106 2437 nt
1128 2371 1327 2459 simplicibus

183 2481 261 2545 haec
278 2503 346 2547 nou
367 2481 482 2566 injuria
501 2481 735 2568 quodammodo
768 2483 954 2569 opposuisse
976 2479 1149 2546 videamur.

204 2632 206 2637 ,
265 2588 355 2652 Haec
366 2587 405 2653 de
416 2612 474 2652 usu
487 2589 697 2676 epithetorum
708 2591 740 2653 in
749 2591 932 2653 universum
938 2590 1006 2675 jem
1018 2587 1193 2668 sufficiant3
1217 2594 1330 2666 restet,

182 2705 217 2760 ut
238 2720 340 2784 pauca
354 2697 468 2761 addam
485 2695 524 2760 de
546 2696 745 2762 formatione.
775 2699 825 2763 Ac
845 2697 939 2782 hujus
954 2696 1082 2783 quidem
1094 2698 1126 2760 in
1148 2696 1255 2781 priore
1278 2716 1328 2758 so-

182 2804 247 2868 lum
267 2805 348 2869 libro
370 2808 527 2869 rationem
547 2805 660 2887 habui,
681 2815 812 2893 propter
833 2805 1051 2892 exemplorum
1082 2802 1201 2868 scilieet
1220 2803 1255 2866 in
1278 2824 1331 2867 se·

184 2912 287 2976 eundo
320 2914 582 2998 proferendorum
614 2923 744 2978 tenuem
774 2924 807 2978 et
840 2915 990 2999 exignum
1023 2933 1100 3000 prae
1128 2912 1210 2975 iliius
1231 2909 1331 2974 turba

183 3042 357 3087 numerum.
409 3024 581 3104 Attamen,
613 3031 649 3086 nt
680 3021 720 3086 ab
764 3023 849 3087 omni
879 3031 970 3107 parte
991 3021 1112 3085 formae
1145 3017 1331 3095 satisfieret,

183 3128 311 3193 alterius
324 3195 327 3198 ,
342 3129 414 3193 libri
446 3129 653 3217 epithetorum
685 3151 759 3216 pars
789 3130 858 3217 fere
880 3131 1017 3194 maxima
1048 3129 1198 3213 quoniam
1231 3128 1331 3191 etiam

185 3237 253 3300 aliis
276 3237 353 3300 locis
375 3239 442 3301 sine
464 3236 596 3302 andacia
616 3248 786 3324 usurpatur
806 3259 871 3301 non
900 3238 959 3302 abs
990 3259 1025 3301 re
1054 3237 1123 3301 fore
1154 3234 1330 3300 arbitratus

186 3367 254 3407 snm
277 3345 383 3409 oblata
403 3367 529 3432 semper
550 3346 715 3410 occasione
733 3346 801 3431 jam
829 3348 860 3409 in
883 3347 989 3432 priore
1012 3345 1091 3411 libro
1107 3344 1148 3410 ad
1162 3365 1216 3408 eos
1239 3344 1330 3409 locos

185 3452 325 3516 animum
346 3452 533 3535 advertere,
555 3475 635 3540 quos
657 3456 834 3519 accuratius
854 3463 966 3542 postea
989 3454 1115 3518 demum
1134 3461 1329 3518 tractaturus

186 3581 256 3624 sum
276 3559 310 3624 in
329 3560 408 3625 libro
430 3561 579 3625 secundo.
1064 3640 1066 3645 ⁴
1094 3638 1098 3646 ¹

267 3666 331 3732 Per
354 3691 387 3731 se
409 3648 496 3755 patet
517 3668 558 3732 ad
588 3668 676 3734 hanc
700 3670 826 3757 quidem
862 3672 1080 3757 quaestionem
1109 3667 1187 3732 nihil
1207 3667 1327 3748 valere,

186 3784 291 3838 utrum
323 3775 474 3840 attributa
506 3778 569 3840 sint
591 3777 749 3864 epitheta,
782 3801 827 3872 an.
845 3777 1027 3866 praedicata
1060 3778 1111 3842 vel
1132 3773 1325 3864 praedicate,

186 3903 269 3968 qnae
290 3892 463 3965 vocantur,
484 3883 630 3969 obliqua,
653 3906 751 3971 qnare
772 3884 866 3970 hujus
889 3885 1077 3950 discriminis
1097 3906 1162 3949 nen
1183 3892 1247 3967 est,
1270 3904 1324 3947 cnr

186 3989 341 4053 rationem
362 3989 545 4056 babeamus.
587 3991 720 4077 Majoris
735 3995 886 4057 momenti
909 4015 979 4057 esse
999 3992 1166 4057 videbatur
1181 4013 1219 4056 ea
1240 4012 1322 4055 com·

187 4099 308 4182 posita,
331 4119 412 4182 quae
433 4100 466 4162 in
488 4101 682 4164 carminibus
702 4099 809 4186 lyricis
830 4101 979 4188 leguntur
1000 4125 1020 4166 a
1041 4100 1152 4166 ceteris
1173 4099 1319 4165 asterisco

189 4225 363 4287 secernere,
385 4206 459 4292 quia
479 4206 535 4271 illa
555 4206 703 4272 audacius
726 4209 871 4295 usurpari
893 4210 1005 4274 solent
