2738 4830
595 434 797 508 ..76-

128 629 259 713 insuper
270 624 447 713 adjungere
466 623 591 689 suffixa.
615 623 676 691 cui
691 624 736 687 rei
757 623 1040 688 luculentissimum
1051 624 1268 688 testimoninm

128 735 241 822 stirpes
270 734 470 820 potissimum
500 732 641 796 dentales
674 740 761 812 sunt3
790 753 865 795 nam
886 732 918 796 in
941 732 1141 819 compositis,
1163 717 1269 818 dualia

129 853 201 907 sunt
216 835 483 924 ποικιλοδέρμων,
507 830 725 929 πολυκτήμων,
746 833 902 924 αόχήμων
917 824 1038 922 similia,
1066 837 1269 903 manifestum

127 959 175 1013 est
206 949 237 1011 in
269 949 371 1013 locum
394 950 523 1034 genuini
555 970 634 1029 ματ
668 949 772 1013 suffixi
799 933 873 1028 μοκ
906 948 1103 1011 successisse.
1148 942 1270 1011 Contra

127 1055 301 1142 principale
322 1077 404 1136 ματ
434 1057 619 1143 plerumque
641 1057 686 1119 ita
706 1056 843 1120 mutilari
865 1054 1003 1135 solebat,
1033 1063 1067 1118 nt
1089 1054 1157 1119 sola
1173 1077 1201 1136 μ
1220 1055 1270 1117 lit-

127 1173 196 1227 tera
217 1162 457 1248 relinqueretur,
479 1186 542 1250 qua
562 1186 625 1227 non
647 1172 795 1227 contenta
817 1163 924 1246 lingua
946 1182 1097 1226 novumn
1118 1161 1271 1226 suffixum

127 1269 246 1334 addere
267 1270 299 1333 in
321 1292 379 1334 usu
401 1270 547 1334 habebat.
585 1267 680 1348 Quod
703 1270 806 1336 elucet
820 1292 838 1334 e
853 1260 1063 1349 πολυώνυμος
1077 1258 1270 1353 (niro-uas),

129 1377 268 1458 δίβαμος
300 1380 478 1464 (δη-ματ),
511 1373 743 1464 πολίοπερμος
771 1378 975 1463 (οπερ-ματ)
998 1378 1075 1442 aliis.
1118 1377 1271 1465 Denique

129 1496 256 1550 servato
285 1487 378 1550 etiam
410 1485 525 1550 suffixo
553 1508 637 1549 nova
664 1496 771 1550 tamen
793 1487 1015 1550 terminatione
1039 1486 1154 1550 usitata
1175 1487 1270 1572 stirps

129 1593 295 1657 nominalis
318 1593 426 1678 augeri
443 1594 548 1680 potuit
559 1641 567 1672 ,
590 1593 680 1676 cujus
702 1594 747 1658 rei
762 1615 820 1680 pro
839 1593 993 1679 exemplis
1008 1592 1126 1657 habeas
1147 1582 1271 1678 τρισώ-

128 1723 238 1784 ματος,
262 1699 464 1781 δυσείματος,
487 1693 671 1784 insinuatos
684 1702 805 1766 similia.
828 1740 868 1750 -
892 1702 935 1768 Ut
957 1704 987 1766 in
1005 1701 1180 1766 dentalium
1204 1702 1272 1764 stir-

99 1884 101 1887 ,
128 1813 215 1898 pium
245 1811 349 1874 forma
380 1809 532 1873 mutanda
562 1810 671 1894 lingua
701 1811 822 1874 versari
854 1809 992 1891 solebat,
1035 1809 1078 1872 ita
1108 1810 1207 1873 etiam
1239 1809 1271 1872 in

130 1919 272 1984 aliarum.

211 2025 340 2107 Restat,
372 2034 408 2088 ut
440 2046 566 2089 eausam
607 2023 710 2110 quoad
743 2023 810 2111 ejus
842 2024 909 2089 fieri
955 2032 1062 2111 potest
1099 2045 1271 2111 exponam,

131 2131 240 2197 curin
262 2132 403 2197 secunda
425 2133 670 2219 compositorum
693 2131 769 2196 sede
790 2132 883 2196 modo
905 2140 1044 2215 mutare,
1074 2130 1167 2195 modo
1190 2133 1270 2195 inte-

132 2262 206 2326 gras
227 2241 365 2304 retinere
386 2240 573 2326 simplicium
592 2240 711 2303 formas
726 2240 834 2323 lingua
855 2240 887 2302 in
904 2236 1130 2302 consuetudine
1151 2237 1268 2302 habue-

132 2349 181 2411 rit.
224 2346 339 2433 Itaque
369 2369 525 2411 summum
554 2347 681 2432 quidem
702 2357 898 2411 momentum
930 2347 958 2410 ei
979 2345 1144 2410 hominum
1167 2345 1271 2410 studio

132 2454 334 2521 tribuendum
356 2456 424 2538 erit,
447 2476 487 2518 ex
509 2476 587 2541 quo,
611 2476 692 2540 quae
714 2453 839 2518 diverso
863 2476 957 2518 sensu
979 2452 1019 2516 ad
1042 2452 1179 2519 eundem
1201 2453 1269 2516 fon·

131 2572 196 2627 tem
217 2561 361 2645 redeunt,
385 2583 423 2625 ea
444 2561 541 2625 oculis
564 2563 658 2626 etiam
680 2572 715 2626 ut
730 2572 862 2626 externa
877 2562 983 2647 specie
1001 2560 1127 2626 diversa
1141 2583 1270 2649 reprae-

133 2680 257 2735 sentare
287 2678 402 2735 ament.
445 2667 566 2734 Notum
590 2669 672 2734 enim
695 2678 756 2751 est,
776 2669 817 2733 >id
838 2668 923 2755 quod
944 2670 1048 2756 ipsum
1065 2667 1133 2754 jam
1155 2690 1271 2733 nomen

131 2772 265 2859 indicat,
295 2777 480 2844 attributiva
507 2799 632 2865 semper
659 2799 729 2841 esse
750 2777 907 2842 attributa.
951 2776 1047 2841 Hanc
1066 2798 1142 2841 vero
1162 2798 1271 2840 eorum

132 2894 323 2971 potestatem
345 2908 409 2950 non
430 2908 502 2950 raro
524 2887 652 2950 omnino
673 2906 737 2949 non
758 2886 1015 2970 persentisceres,
1037 2884 1098 2948 nisi
1121 2884 1271 2949 substen-

132 2993 203 3057 tivis
224 2994 295 3079 ipsa
315 3002 422 3057 essent
442 2992 558 3058 addita.
603 2994 657 3061 Sic
678 2991 884 3074 κακοδαίμων
912 3013 1024 3079 perse
1045 2989 1173 3078 quidem
1196 2991 1271 3056 nibil

132 3101 219 3164 valet
239 3101 299 3165 nisi
322 3124 329 3164 ι
350 3100 454 3166 molus
488 3101 621 3166 doemon
642 3103 713 3184 (Ar.
737 3098 821 3189 Equ.
847 3101 938 3186 113),
971 3100 1027 3165 sed
1048 3098 1178 3184 adjecto
1200 3098 1270 3163 sub-

133 3208 268 3271 stantivo
297 3208 399 3294 (velut
419 3200 516 3295 α’νήρ)
537 3209 730 3296 adjectivum
757 3209 834 3272 illud
868 3230 938 3273 esse
959 3207 1177 3294 unusquisque
1192 3194 1195 3222 ³
1209 3216 1270 3270 sta·

133 3314 189 3377 tim
209 3314 374 3400 intellegit.
418 3315 544 3399 Quare,
566 3326 600 3382 ut
620 3339 678 3403 per
692 3340 726 3382 se
749 3338 876 3403 quoqne
898 3316 1142 3402 compositorum
1171 3315 1220 3377 vis
1241 3321 1272 3377 et

132 3423 218 3486 notio
240 3423 341 3506 primo
363 3424 476 3487 obtutu
497 3433 740 3510 pernosceretur
774 3445 877 3509 neque
910 3422 1094 3486 attributiva
1125 3422 1272 3502 cumeis,

133 3531 311 3616 quaeipsis
334 3531 483 3614 subsunt,
513 3530 760 3596 determinativis
800 3552 999 3595 communem
1026 3528 1181 3593 haberent
1203 3551 1271 3616 spe-

134 3638 214 3700 ciem
246 3646 425 3720 externam,
459 3639 643 3724 praesertim
674 3639 707 3702 in
743 3638 803 3702 hoo
825 3639 1070 3725 compositorum
1101 3657 1220 3723 genere
1240 3635 1272 3700 in

134 3745 301 3810 mutandas
322 3746 509 3833 simplicium
530 3746 648 3810 formas
670 3755 831 3831 metatos
854 3767 923 3809 esse
946 3741 1089 3808 Graecos
1110 3743 1272 3808 observari

133 3854 216 3919 lieet.

218 3958 283 4027 Sed
305 3962 438 4025 alterum
458 3970 654 4026 momentum
668 3958 840 4025 accedebat
859 3979 919 4024 nec
939 3958 971 4022 id
986 3955 1115 4045 quidem
1137 3965 1273 4021 contem-

135 4069 284 4134 nendum.
328 4066 402 4132 Non
423 4090 533 4133 omnes
556 4070 640 4133 enim
669 4068 939 4132 substantivorum
961 4065 1200 4131 terminationes
1220 4087 1273 4152 pa·

136 4178 212 4241 riter
232 4177 366 4242 idoneae
387 4175 589 4260 videbantur,
612 4177 743 4263 quibus,
767 4177 793 4239 si
814 4177 847 4239 in
869 4173 1008 4239 secunda
1030 4173 1273 4259 compositorum

135 4286 211 4351 sede
252 4288 322 4373 ipsa
373 4287 587 4374 apparebant,
629 4286 745 4372 singuli
786 4285 881 4349 trium
929 4283 981 4347 vel
1024 4281 1159 4347 duorum
1191 4288 1272 4347 certe
