2738 4830
585 450 806 517 -199-

126 632 274 718 loquendi
305 633 428 696 ratione
459 633 640 696 illustratur.
696 631 762 696 Sed
794 632 896 718 poetis
929 652 1054 717 quoque
1095 630 1261 696 admiratio

126 738 268 821 debetur,
290 740 344 825 qui
366 741 434 803 ausi
456 751 530 803 sunt
551 749 632 804 totas
647 741 870 804 sententiarum
886 739 1120 824 complexiones
1137 741 1172 803 in
1186 739 1260 803 sub·

126 846 252 909 stantivi
274 856 306 910 et
328 846 456 933 epitheti
479 846 558 910 fines
580 856 668 911 tante
689 847 820 911 audacia
840 856 1005 927 coartatas,
1028 855 1063 909 ut
1084 867 1190 910 earum
1212 848 1259 946 in·

125 953 266 1016 tellectus
288 975 351 1017 non
378 976 448 1018 raro
470 955 657 1019 acerrimam
680 954 916 1019 meditationem
939 955 1094 1040 postulet,
1116 963 1258 1038 speoten-

125 1060 201 1123 tium
223 1059 462 1124 Atheniensium
485 1061 614 1125 auribus
630 1062 676 1124 in
692 1083 788 1124 scena
810 1082 997 1146 proponere.
1039 1060 1120 1126 inde
1142 1081 1258 1124 novum
1280 1045 1282 1050 ⁵

126 1176 373 1253 argumentum,
418 1190 458 1232 ex
494 1189 556 1253 quo
593 1166 632 1231 de
670 1167 803 1233 eruditis
837 1168 1082 1233 Atheniensium
1131 1168 1260 1232 auribus

125 1278 269 1340 conicere
299 1275 391 1339 liceat
423 1276 476 1357 (cf.
510 1279 531 1356 ὅ
567 1276 611 1358 2).
668 1273 754 1353 Quid
793 1275 894 1338 vero?
937 1275 1030 1360 hujus
1062 1276 1174 1340 aetatis
1218 1273 1258 1338 de

123 1383 215 1469 plebe
237 1383 380 1447 homines
402 1421 442 1432 -
463 1406 536 1448 nam
553 1385 688 1448 Athenis
711 1387 806 1450 etiam
828 1383 937 1468 plebes
952 1383 1081 1447 theorici
1104 1383 1258 1448 beneficio

122 1489 278 1553 theatrum
307 1490 531 1576 frequentabat
553 1527 593 1537 —
616 1514 690 1554 num
721 1491 781 1554 hos
816 1491 902 1576 ipsos
933 1512 1059 1576 quoqne
1080 1491 1124 1554 ita
1144 1476 1266 1577 politos⁴

127 1599 297 1678 existimas,
319 1608 363 1680 ut,
386 1599 412 1661 si
428 1594 575 1662 Schillcri
595 1598 647 1661 vel
668 1597 807 1682 cujusvis
830 1598 1013 1661 recentioris
1034 1607 1148 1682 poetae
1169 1597 1258 1662 fabu-

122 1706 183 1769 lam
216 1714 361 1790 spectent
381 1706 509 1789 figuris,
543 1705 756 1791 metaphoris,
780 1704 1080 1791 comparationibus,
1113 1705 1257 1769 omnibus

121 1814 259 1900 denique
281 1815 325 1878 eis
358 1815 472 1890 rebus,
506 1813 620 1898 quibus
656 1813 830 1876 communis
853 1814 937 1876 vitae
960 1812 1059 1877 oratio
1081 1836 1100 1875 a
1122 1811 1257 1876 dictione

121 1921 246 2006 poetica
267 1922 402 2003 recedit,
424 1920 536 1987 animis
559 1942 622 1983 non
644 1921 897 2006 perturbentur?
929 1920 1021 1985 Nuua
1042 1941 1117 1984 vero
1139 1919 1256 1986 Graeci

120 2039 237 2114 poetae
260 2029 392 2093 audacia
416 2039 448 2093 et
470 2029 613 2093 libertate
636 2026 760 2091 dicendi
784 2037 907 2094 nostros
929 2030 1024 2114 longe
1055 2029 1255 2114 superabant.

122 2133 196 2213 Quo
216 2139 319 2220 magis
342 2138 408 2218 erit,
430 2149 466 2201 ut
487 2135 695 2202 admiratione
716 2137 927 2202 Athenienses
948 2157 1187 2222 prosequamur.

203 2247 223 2324 ξ
246 2244 296 2309 85.
340 2245 400 2308 His
422 2244 601 2330 praemissis
624 2244 662 2308 ad
685 2266 793 2307 eorum
816 2266 866 2307 me
891 2244 1107 2330 exemplorum
1129 2264 1256 2306 enume-

119 2353 274 2414 rationem
306 2361 478 2434 converto,
512 2353 565 2416 ubi
597 2353 793 2415 enuntiatum
824 2351 988 2416 relativum
1021 2373 1085 2415 uno
1117 2349 1254 2434 epitheto

119 2457 291 2543 Euripides
323 2458 571 2544 comprehendit.
625 2459 679 2523 Sic
708 2450 877 2538 ύνύστιμσς
909 2457 1066 2533 κέλευθος
1093 2457 1171 2521 Her.
1194 2456 1254 2520 fur.

117 2566 199 2630 431*
231 2567 291 2630 iter
324 2566 480 2651 significat
513 2566 596 2631 arde
627 2590 714 2631 aereo
745 2566 874 2648 redeat,·
898 2603 931 2614 -
957 2557 1136 2651 οἷμφιλύγοι
1162 2559 1254 2648 σ’ρχαλ

118 2671 203 2735 Med.
225 2674 305 2739 637*
327 2675 431 2738 artiori
446 2674 705 2759 perturbationes,
726 2674 838 2759 quibua
852 2698 882 2739 ee
894 2675 1032 2763 bomipes
1052 2673 1161 2759 affecti
1172 2684 1252 2751 aaut,

119 2781 159 2844 ab
180 2793 312 2866 atraque
337 2795 432 2867 parte
443 2783 487 2868 fit
508 2782 671 2847 altercatio
694 2782 748 2869 (cf.
780 2782 877 2869 Soph.
900 2784 967 2845 Ant
984 2784 1045 2844 'lll
1068 2779 1197 2844 νεικέων
1217 2773 1253 2858 ἐξ

118 2880 327 2972 α’μφιλύχων).
381 2888 475 2954 Addo
507 2889 628 2953 Phoen.
662 2891 740 2955 330*
780 2883 887 2956 πόθον
928 2881 1172 2972 ἀμφιδάκρυτον
1200 2880 1255 2951 cisi

117 2991 254 3077 κατέχων
274 3000 295 3060 τ’.
317 3019 343 3060 e.
365 2996 564 3076 desideriam,
587 3021 647 3082 qao
668 2999 700 3062 ei
711 2999 781 3083 qaas
803 3011 929 3078 terretur,
952 2998 1019 3082 τ’χνεο
1040 2995 1135 3061 ualde
1157 2995 1251 3060 lacri-

117 3117 201 3185 mat,
226 3140 259 3150 -
285 3102 364 3166 Hec.
395 3104 474 3168 691*
505 3094 656 3169 oide'aoa‘
691 3096 900 3190 οἷστένακτος,
931 3093 1114 3189 ἀδάκρυτος
1145 3097 1252 3186 ύμέρα

117 3199 287 3302 ἐπισχήσω
306 3235 468 3297 uunquam
489 3212 557 3276 dies
578 3214 746 3299 apparebit
767 3212 821 3297 (de
851 3213 911 3278 hac
931 3214 1019 3277 verbi
1042 3211 1169 3291 ἐπέχειν
1189 3211 1251 3295 sig-

115 3317 294 3381 nificatione
315 3319 392 3383 Her.
412 3317 446 3382 II
468 3320 525 3400 963
548 3318 648 3382 Thac.
664 3319 731 3384 123
752 3321 926 3407 inspicias),
942 3344 1001 3406 qao
1022 3344 1084 3385 aaa
1104 3319 1248 3406 inpercie-

115 3450 185 3490 σοντι
215 3439 244 3490 et
272 3426 424 3491 lacrimae
448 3426 667 3513 profundata,
691 3464 731 3474 -
765 3426 834 3493 Hel.
870 3429 967 3494 1319*
998 3419 1250 3511 πολυπλανὴτων

115 3530 225 3598 πόνων
255 3533 397 3598 taboram
426 3535 485 3619 qai
510 3535 545 3598 ia
571 3534 678 3599 maltis
713 3536 871 3600 erroribra
891 3549 1073 3618 vasantar3
1097 3569 1136 3582 -
1158 3533 1246 3619 Cyol.

112 3641 174 3705 416
195 3633 338 3714 ἔκπλεως
359 3636 401 3704 ὢν
419 3647 475 3724 τῆς
495 3632 706 3723 ἀναισχύντου
725 3642 829 3727 βορᾶς
860 3644 940 3721 eibi,
972 3644 1063 3730 cajus
1093 3666 1163 3707 ειυυ
1182 3665 1245 3712 aaa

110 3747 258 3834 padebat.
310 3746 471 3831 Singulari
514 3749 646 3813 audacia
686 3750 769 3813 dicta
800 3760 874 3813 sunt
903 3751 1002 3814 verba
1036 3748 1246 3814 πολυέλικτον

71 3870 73 3874 ’
114 3851 234 3921 ύύονσέν
265 3853 369 3921 ἐκεῖσε
403 3855 456 3921 καλ
478 3853 516 3920 τὸ
536 3855 633 3942 δεῦρο
655 3845 911 3941 περιχορεύουσα
931 3856 1053 3920 Phoen.
1075 3856 1173 3939 314*‚
1195 3856 1249 3921 ubi

113 3962 320 4039 πολυέλικτος
348 3955 447 4028 cidari
466 3963 613 4050 voluptas
635 3975 702 4046 est,
730 3988 811 4050 qaae
831 3966 968 4030 σπολέα
988 3965 1156 4030 saltatione
1176 3988 1245 4051 per·

113 4073 240 4159 cipitur.
292 4071 482 4137 Insolentius
519 4082 624 4137 autem
658 4071 719 4136 hoc
752 4073 790 4136 de
823 4068 1080 4156 περιχορεύουσα
1109 4073 1248 4158 pendere

114 4189 210 4267 poeta
231 4180 337 4244 voluit.
363 4216 397 4228 -
422 4179 527 4264 Magis
542 4203 637 4266 quam
659 4181 898 4246 determinativa
912 4189 1005 4267 poeta
1019 4180 1248 4268 dependentiae

116 4288 291 4374 composita
320 4287 362 4352 ad
395 4288 597 4353 artificiosum
629 4288 722 4370 hunc,
754 4286 795 4354 de
824 4309 886 4373 quo
917 4288 1091 4375 loquimur,
1124 4287 1248 4352 dicendi
