2738 4830
566 795 685 881 OAP.
716 795 791 879 ΠΙ.

509 1005 668 1092 mitrata
688 1004 854 1074 ornantia.

192 1190 283 1271 355.
327 1188 454 1253 Eximio
483 1186 611 1275 quidem
639 1186 762 1251 indoles
793 1185 956 1274 Euripidis
988 1185 1114 1274 poetica
1142 1184 1173 1247 in
1194 1181 1235 1246 de·

112 1295 267 1384 seriptivis
289 1295 374 1360 valet
394 1294 551 1381 epithetis,
574 1316 633 1358 neo
653 1294 757 1359 minus
779 1295 919 1358 cernitur
936 1293 990 1358 illa
1002 1295 1037 1358 in
1058 1286 1238 1357 ornantibus.

65 1447 69 1458 -
112 1401 241 1482 Quare
262 1412 430 1489 utrumque
453 1424 555 1487 genus
578 1400 717 1484 differat,
749 1404 769 1484 ξ
797 1404 812 1466 l
846 1402 1067 1489 exposuimus3
1090 1399 1146 1465 sed
1169 1397 1240 1464 aliud

113 1519 170 1594 est,
192 1510 309 1598 dequo
325 1521 428 1596 pauca
441 1508 674 1596 praemittenda
689 1511 761 1574 sint.
805 1508 898 1574 Duae
922 1509 1005 1573 enim
1021 1517 1096 1572 sunt
1117 1531 1243 1594 „ornan

115 1618 211 1685 timn‘
236 1619 363 1700 classes,
385 1640 519 1704 quarum
534 1619 630 1704 priori
644 1617 751 1681 omnia
766 1615 1005 1682 adnumeranda
1026 1624 1115 1698 sunt,
1138 1616 1243 1702 quibus

111 1749 180 1792 rem
202 1728 253 1791 νο]
284 1747 452 1814 personam
487 1724 538 1789 vel
559 1724 674 1789 animal
706 1726 773 1789 sive
796 1723 1028 1811 pulchritudine
1058 1731 1090 1787 et
1109 1722 1245 1809 magnifi-

112 1834 217 1900 oentia
237 1836 305 1899 sive
325 1832 431 1920 aliqua
451 1834 566 1897 virtute
589 1841 621 1897 et
644 1833 842 1919 praestantia
862 1832 946 1897 inter
968 1839 1089 1896 ceteras
1110 1830 1247 1917 ejusdem

113 1942 240 2027 generis
260 1963 320 2022 res,
343 1961 504 2027 personas,
527 1939 675 2004 animalia
695 1941 906 2027 qualicunque
930 1938 1025 2003 modo
1048 1939 1191 2003 eminere
1210 1938 1249 2001 ita

115 2048 320 2134 exprimitur,
342 2056 378 2112 ut
399 2048 522 2112 etiamsi
542 2047 613 2134 ipsa
633 2046 685 2111 illa
699 2067 864 2112 removeas
885 2045 961 2110 nihil
976 2054 1084 2110 tamen
1104 2044 1146 2109 de
1160 2044 1248 2110 totius

114 2155 267 2221 enuntiati
299 2176 394 2219 sensu
425 2163 570 2220 mutetur.
616 2153 710 2235 Quod
738 2171 849 2241 aeque·
872 2155 904 2217 in
926 2153 1081 2240 simplicia
1102 2155 1189 2222 eadit
1208 2162 1248 2218 at·

114 2283 176 2350 que
207 2265 239 2326 in
283 2264 475 2350 composits3
519 2261 575 2327 sed
603 2262 670 2341 his,
708 2262 741 2328 id
774 2261 859 2350 quod
891 2264 989 2349 ipsius
1018 2261 1249 2349 compositionis

113 2381 247 2436 naturae
275 2370 479 2435 uibuendum
501 2379 565 2452 est,
593 2392 689 2457 saepe
716 2392 781 2434 non
803 2369 986 2458 simpliciter
1013 2370 1183 2456 pulchrum
1204 2369 1248 2433 vel

114 2478 316 2564 magnifieum
339 2478 389 2544 νο]
410 2477 515 2564 aliqua
535 2478 659 2543 virtutis
675 2479 868 2564 praestantia
884 2477 1026 2542 eminens
1049 2476 1172 2563 aliquid
1186 2498 1249 2542 esse

113 2585 332 2675 praedicatur,
354 2585 410 2650 sed
431 2585 607 2672 praeditum
630 2585 734 2672 potius
757 2593 852 2670 atque
872 2587 1059 2649 instructum
1082 2584 1246 2672 aliquare,

114 2693 164 2758 oui
196 2692 363 2779 qualitates
394 2693 466 2756 illae
505 2692 618 2756 insitae
657 2701 731 2756 sunt
760 2701 791 2755 et
819 2692 1054 2779 quodammodo
1076 2693 1247 2757 inhaerent.

114 2802 228 2888 Itaque
249 2799 441 2884 καλλίχορος
464 2788 653 2883 (Πανοπεύς
667 2797 695 2862 λ.
712 2801 782 2883 581,
813 2801 915 2882 noyon
932 2799 956 2866 J
959 2822 1008 2864 on.
1034 2800 1156 2883 1075*),
1176 2797 1246 2863 troie

114 2908 223 2995 λὶροος
242 2898 404 2992 (ποταμός
424 2927 442 2971 ο
461 2909 557 2990 441),
590 2903 759 2982 unitiones
780 2907 864 2989 (Alo.
886 2907 965 2974 589*
986 2906 1161 2972 notiiruoo
1183 2912 1246 2972 Bot-

114 3014 190 3098 βὶαν
218 3012 363 3097 λίμναν),
391 3003 687 3099 λιπαροπλόκαμος
716 3006 851 3108 (κεφαλή
876 3022 914 3079 Τ.
939 3015 1029 3098 126),
1051 3005 1247 3102 λιπαροκρή-

116 3125 230 3206 δεμνος
262 3115 385 3208 (Χάρις
415 3127 448 3185 Σ.
469 3124 561 3207 382),
596 3114 814 3207 λιπαρόζωνος
839 3118 973 3205 (Ἀὲλιος
994 3121 1116 3187 Phoen.
1142 3122 1245 3204 178*);

117 3222 291 3316 διοτρεφής
312 3219 484 3313 (βασιλεύς
506 3234 543 3296 Β.
568 3231 657 3314 196),
678 3221 870 3314 μεγάθυμος
891 3221 1023 3316 (Ἀθήνη
1044 3234 1080 3293 θ.
1102 3231 1179 3314 520)
1201 3251 1242 3293 or·

116 3338 265 3404 nantibus
294 3337 440 3427 epithetis
470 3336 581 3402 eodem
610 3337 683 3422 jure
705 3337 875 3402 inserenda
897 3345 984 3422 sunt,
1016 3359 1079 3423 quo
1103 3336 1246 3425 simplicis

115 3437 221 3524 καλός,
231 3435 381 3530 λιπαρός,
392 3444 463 3521 δῖος
475 3446 653 3533 (syrmiae),
663 3443 774 3529 μέγας,
787 3436 916 3530 ἀγλαός,
935 3436 1068 3530 α’γαυός,
1083 3443 1245 3530 φαίδιμος,

118 3545 229 3629 κλυτός
249 3552 474 3640 (maqnipiona),
497 3547 637 3639 ἀγαθός,
659 3543 789 3636 ἐσθλός,
809 3547 952 3638 θολερός
973 3553 1083 3638 alia1).
1116 3553 1192 3621 Jam
1213 3549 1245 3617 ad

118 3661 247 3726 aiteram
269 3661 400 3726 olassem
421 3661 514 3725 venio
537 3682 575 3725 ea
596 3660 714 3725 scilicet
735 3663 949 3727 continentem
970 3660 1119 3747 epitheta,
1132 3660 1246 3748 'quibus

118 3789 186 3852 res,
214 3769 449 3855 qualescunque
472 3777 562 3850 sunt,
589 3789 700 3833 aureas
722 3769 772 3832 vel
795 3777 964 3854 argenteas
996 3769 1047 3833 vel
1078 3786 1245 3854 purpureae

190 4087 209 4154 ¹)
228 4090 301 4140 Haeo
333 4088 398 4139 mihi
432 4090 593 4140 Dusntaarus
635 4086 826 4152 suppeditavit,
859 4089 1018 4140 Homerieeta
1053 4087 1245 4154 Attamen

119 4190 144 4241 p.
161 4177 219 4226 609.
