2738 4830
571 417 798 481 -128-

113 599 208 665 Rhes.
230 601 321 667 529*
342 636 383 649 -
404 599 468 663 Pro
502 598 612 664 Martis
644 607 749 663 autem
785 598 923 684 epitheto
946 619 1061 663 caveas
1092 613 1135 661 ne
1156 597 1249 662 etiam

112 700 328 794 λινκὴρειμος
360 705 477 771 habeas
507 705 540 772 J.
562 707 603 770 A
631 706 710 772 283*
741 697 957 790 λευκήρετμον
978 698 1063 791 ’Ἀρη
1105 693 1252 790 Τόφιοη

113 814 328 902 metaphorice
350 814 434 880 enim
454 836 512 901 pro
534 813 731 902 Taphiorum
755 814 895 878 exercitu
915 812 977 876 hoc
1009 811 1129 877 dictum
1153 822 1202 877 est
1214 813 1249 896 ¹),

113 945 207 1009 quem
220 946 254 988 ro
267 923 465 1010 potissimum
480 922 584 986 navali
598 921 710 987 florere
722 921 863 1008 epitheto
875 930 907 985 te
918 919 1032 985 docere
1050 921 1121 984 vult
1141 929 1247 1006 poeta.

113 1029 284 1094 -Virtus
302 1030 446 1094 militaris
460 1018 606 1116 epithetis
624 1029 799 1095 celebratur
813 1027 929 1092 Bacch.
959 1027 1036 1093 123*
1056 1016 1265 1112 τρικόρυθες

116 1130 337 1224 Κορδβανιεςς
358 1175 396 1185 -—
418 1137 652 1202 Phocaicae*
667 1127 845 1201 λεύκασπιν
859 1131 1013 1223 Ἀρχελων
1034 1126 1198 1222 στρατόν(
1230 1145 1261 1220 ).

114 1244 296 1332 splendidis
318 1253 424 1309 autem
444 1243 642 1308 Baccharum
674 1244 807 1330 pedibus
830 1241 1019 1330 Satyrorum
1051 1245 1184 1309 chorum
1206 1245 1260 1308 in·

113 1354 222 1441 primis
252 1374 321 1418 esse
343 1352 534 1416 delectatum
562 1352 714 1438 probatur
735 1349 825 1439 Cycl.
848 1351 907 1416 72*
929 1341 1073 1432 Βάκχαις
1092 1345 1152 1416 cdv
1172 1351 1261 1416 λιυ-

112 1452 237 1526 κόποοι.
261 1497 299 1507 -
320 1459 396 1526 Jam
418 1482 520 1546 pauca
541 1458 723 1546 procedant,
745 1460 859 1545 quibus
880 1458 923 1542 id,
945 1458 1033 1544 quod
1055 1459 1257 1545 singulorum

111 1567 294 1633 animalium
315 1569 454 1632 maximo
475 1568 639 1655 proprium
659 1567 793 1648 videtur,
816 1568 949 1654 egregie
964 1567 1061 1632 oculis
1076 1567 1254 1632 subicitur:

111 1678 222 1759 μιδνυξ
243 1676 308 1760 (Η.)
340 1674 460 1739 Phoen.
483 1676 544 1741 793
564 1666 694 1756 μώνυχα
709 1673 833 1758 πιὸλονς
854 1713 896 1723 -
915 1664 1085 1756 ταχύπους
1104 1698 1112 1740 :
1135 1675 1250 1740 Bacch.

113 1786 174 1850 782
194 1780 308 1849 ἵππων
329 1774 541 1867 ιαχνπδδων;
567 1821 599 1830 -
621 1774 769 1858 ὠκύπους
791 1785 859 1867 (Η.)
883 1807 890 1846 :
913 1781 1010 1870 Hipp.
1035 1783 1134 1848 1129*
1153 1789 1250 1847 κυνοῖν

114 1881 309 1974 &succiduam
333 1927 366 1937 —
392 1882 587 1976 δολιχοόχην
609 1914 616 1954 :
639 1891 711 1955 Hel.
743 1889 841 1956 1487*
862 1891 982 1957 πταναὶ
1010 1885 1248 1973 δολιχαδχενιςς

115 1999 152 2062 cf.
181 1999 214 2065 d.
239 2002 278 2062 A.
310 1999 387 2065 793*
416 1993 534 2062 κύκνου
564 1990 800 2079 δολιχαύχενος.
843 1997 913 2062 Νοο
943 1998 1052 2063 dubito
1074 2000 1136 2063 huo
1157 1999 1247 2064 etiam

113 2106 231 2170 referre
252 2105 330 2170 Her.
352 2107 411 2171 fur.
434 2107 513 2173 376*
535 2098 652 2192 δόρκαν
672 2097 915 2190 ποικιλόνωτον;
936 2107 970 2174 J.
993 2105 1032 2170 Τ.
1057 2106 1156 2174 1245*
1178 2127 1248 2171 ποι-

112 2205 281 2289 κιλόνωτος
310 2207 456 2298 δράκων;
480 2253 518 2262 -
539 2214 617 2278 Her.
640 2215 700 2280 fur.
731 2217 812 2283 398*
841 2207 1001 2300 δράκοντα
1031 2204 1246 2299 πυροόνωτσν;

116 2358 149 2368 -
174 2322 243 2385 Alc.
274 2321 354 2386 584*
385 2315 599 2408 ποικιλόδριξ
628 2323 750 2409 νὲβρος.
792 2325 832 2388 In
863 2325 910 2387 his
942 2325 1026 2388 enim
1057 2343 1246 2409 quamquam

114 2438 219 2492 certus
255 2428 383 2514 quidam
406 2430 490 2493 color
512 2430 658 2516 epithetis
679 2431 852 2512 indicatur,
884 2440 991 2495 tamen
1013 2429 1094 2494 adeo
1118 2437 1248 2494 nonest

112 2534 257 2621 Euripidi
323 2536 490 2600 consilium
546 2559 563 2601 s
616 2546 682 2601 tota
748 2537 952 2602 animalium·
985 2536 1087 2602 classe
1154 2558 1246 2601 unum

114 2644 270 2723 eximere,
306 2653 340 2706 ut
369 2643 523 2729 majorem
553 2653 678 2709 tantum
710 2645 903 2709 alacritatem
936 2643 1071 2709 orationi
1090 2644 1246 2708 attributis

115 2751 309 2838 adspergere
331 2750 466 2816 studeat.
496 2750 591 2829 Quod
605 2752 688 2815 idem
708 2754 741 2816 in
763 2775 910 2817 arvorum
932 2751 1026 2816 stiam
1048 2761 1081 2816 et
1102 2773 1246 2837 agrorum

115 2868 147 2922 ot
169 2870 323 2944 terrarum
354 2859 492 2946 epitheta
520 2859 621 2941 cadit,
654 2861 760 2946 qualia
791 2869 958 2924 occurrunt
988 2858 1130 2924 :Phoem
1163 2859 1246 2941 6482,

115 2965 194 3029 669*
214 2955 455 3051 βαθυσπόρους
470 2958 566 3051 ydem
594 2967 656 3052 frg.
680 2969 697 3032 7
720 2960 936 3052 βαθυσπόρου
967 2963 1109 3049 χθονόςς
1134 3005 1168 3015 -
1190 2968 1246 3052 frg.

116 3074 195 3139 231*
226 3064 335 3158 χώρας
356 3080 412 3158 τῆς
432 3065 638 3158 πολυβώλου,
668 3075 753 3161 quod
784 3076 835 3139 cui
862 3077 978 3140 nonin
1001 3085 1142 3140 mentem
1162 3081 1249 3138 vocat

114 3181 318 3247 Homericum
348 3181 511 3267 ἐριβώλαξ
543 3183 583 3267 (ν.
626 3182 731 3266 23797
765 3183 824 3247 His
863 3182 1014 3248 accedant
1042 3182 1161 3248 Troad.
1193 3179 1247 3247 748

114 3281 262 3374 τύραννον
288 3283 442 3366 Ἀσιάδος
469 3281 696 3374 πολυοπόρου;
720 3291 781 3377 frg.
814 3290 910 3368 230j3
930 3281 1171 3377 μελαμβρότοιο
1190 3285 1247 3357 Λλ-

116 3394 268 3473 διοπίδος
288 3404 364 3484 γῆς;
384 3437 426 3446 —-
448 3397 564 3462 Troad.
583 3397 680 3463 1997*
695 3398 833 3483 δι’πορον
854 3392 1000 3484 κοροφδν
1012 3393 1171 3480 Ἴσθμιον.
1201 3399 1246 3464 Ab

116 3504 257 3570 Homero
288 3510 340 3590 (B.
362 3507 440 3590 498,
461 3510 499 3572 Γ.
519 3506 598 3588 478,
622 3507 651 3569 δ.
673 3507 749 3591 365)
772 3517 876 3572 autem
904 3516 1065 3572 mutuatus
1091 3516 1141 3571 est
1161 3507 1246 3572 Euri·

116 3613 205 3698 pides
226 3608 405 3700 ιδρδχορος
427 3639 434 3678 :
457 3614 572 3678 Bacch.
584 3614 644 3679 87*
664 3606 819 3690 Ἑλλάδος
831 3610 882 3690 εἰς
903 3605 1099 3700 εὐρυχόρους
1119 3605 1246 3697 dyote'ffi

117 3720 227 3784 eodem
263 3722 334 3807 jam
378 3722 550 3786 Pindarum
596 3732 690 3787 antea
733 3721 923 3787 delectatum
976 3744 1046 3787 esse
1100 3723 1245 3809 probatur

117 3931 312 3943 ——-——..

185 4089 205 4156 ι)
223 4091 262 4142 Cf.
279 4090 366 4141 Weilii
393 4090 473 4141 verba
497 4092 530 4142 ad
558 4109 583 4142 v.
603 4097 651 4143 238
669 4087 711 4147 ιδ
733 4089 909 4171 Μυρμιδόυ
935 4087 1020 4166 'Am
1045 4093 1108 4146 ιιίιι
1132 4110 1182 4162 μοι
1202 4107 1245 4144 m

115 4177 227 4228 mosa
243 4177 273 4228 ιι
291 4177 404 4244 unum
422 4177 527 4240 ιιιοο,
546 4180 611 4230 που
629 4181 727 4247 aquae
745 4180 890 4243 πιυιου,
912 4179 1013 4232 σπου
1030 4179 1072 4233 ιο
1083 4181 1245 4248 romam

116 4263 149 4313 of.
167 4262 246 4319 Andr,
266 4267 312 4315 106
331 4255 452 4331 Ἑλλάδος
469 4256 538 4332 cirris
553 4258 632 4340 Ἂρρς.
