2738 4830
593 417 771 482 -9-

112 599 185 662 item
208 598 277 662 solo
309 598 450 686 epitheto
479 607 546 664 tots
568 600 658 686 qussi
688 599 797 664 sabula
818 599 851 663 in
873 607 1011 663 mentem
1034 599 1090 662 tibi
1112 607 1251 663 vooutur.

113 705 234 770 Tamen
257 728 315 793 pro
338 705 576 792 „descriptivis“
598 707 679 772 haee
699 707 817 772 habere
838 729 931 771 nemo
955 706 1155 788 dubitaverit,
1178 707 1253 792 quie

112 813 238 879 nonde
274 822 380 879 sertae
401 814 565 897 cujusdam
596 816 642 879 rei
674 816 725 880 vsl
757 837 913 902 personae
935 823 1047 879 nutura
1067 813 1118 877 bio
1138 815 1253 898 egitur,

113 943 193 1008 qnae
217 923 258 985 sit
278 921 416 1008 epitheto
432 922 472 986 ub
487 922 557 987 eliis
578 922 798 1006 discernendo,
820 944 934 1010 neque,
955 931 991 987 ut
1012 931 1115 1002 antea,
1137 921 1174 985 fit
1196 921 1254 985 oir-

113 1031 325 1116 oumsoriptio.
353 1067 386 1076 -
409 1029 491 1094 Item
514 1031 607 1095 etiam
625 1030 756 1095 deorum
778 1031 929 1118 epitheta,
951 1031 1013 1094 nisi
1034 1029 1120 1116 ejus,
1140 1029 1195 1114 qui
1209 1028 1253 1092 lo·

113 1136 227 1224 quitur,
249 1137 448 1224 aliquatenus
470 1138 568 1204 verbu
589 1147 733 1225 spectant
754 1139 862 1225 itaque
876 1135 1248 1223 illustrandaequodem·

112 1243 204 1308 modo
229 1244 347 1310 notioni
379 1245 555 1310 inserviunt
567 1246 603 1328 ¹),
633 1245 665 1310 in
698 1245 963 1331 descriptivorum
995 1245 1138 1310 ordinem
1166 1242 1254 1308 rede

112 1353 227 1436 gimus.

193 1458 363 1524 Nonnullis
393 1460 469 1525 loeis
503 1460 674 1548 Euripides
707 1460 817 1526 endem
832 1460 979 1547 epitheta
1011 1460 1136 1525 divorso
1160 1480 1254 1523 sensu

112 1567 227 1653 posuit,
249 1567 337 1633 velut
359 1591 367 1632 t
389 1567 468 1634 Her.
484 1570 542 1634 fur.
555 1569 596 1634 28
614 1562 723 1646 Λύκος
736 1567 792 1656 τῆν
805 1561 1013 1654 ἑπτάπυργον
1023 1557 1116 1655 τήνδε
1138 1557 1254 1632 δεσπό-

113 1673 176 1754 ζων
197 1666 311 1759 πόλιν,
336 1676 434 1763 Hipp.
452 1679 532 1743 1223
546 1675 650 1742 πῶλοι
664 1676 857 1743 ε’νδακοῡοαι
880 1668 1001 1758 στόμια
1015 1677 1172 1762 πυριγενῆ
1184 1697 1254 1758 γνα-

112 1785 223 1866 δμοῒς,
249 1783 371 1847 Phoen.
383 1784 443 1849 748
457 1779 562 1849 ἐλθών
576 1781 785 1871 ἑπτάπυργον
799 1785 833 1862 ἐς
848 1777 955 1870 πόλιν,
978 1784 1034 1852 Or.
1047 1786 1125 1852 820*
1136 1781 1257 1849 τοκέων

113 1893 279 1975 πυριγενεῖ
298 1895 407 1973 τεμεῖν
428 1881 570 1978 παλάμᾳ
590 1885 682 1976 χρόα.
711 1895 844 1958 Duobus
872 1896 971 1980 igitur
1000 1892 1156 1980 prioribus
1178 1892 1256 1957 loeis

114 1999 304 2086 descriptiva
314 2009 387 2064 sunt
398 2001 547 2087 epitheta,
559 2003 787 2089 posterioribus
799 2001 988 2066 necessaris.
1010 2000 1093 2065 Nam
1101 1999 1179 2064 Her.
1195 2000 1256 2063 fur.
1297 2002 1299 2006 ”

113 2107 151 2172 28
173 2129 245 2171 oum
268 2128 286 2170 e
309 2111 539 2174 sententarium
559 2131 699 2191 conexu,
721 2119 789 2175 tum
811 2131 828 2173 e
849 2099 943 2195 τήνδε
963 2106 1072 2173 nddito
1094 2108 1170 2171 satis
1192 2107 1256 2172 elu-

114 2225 161 2280 cet
183 2213 313 2281 Thebas
336 2216 375 2279 ab
399 2217 632 2303 Amphitryone
655 2219 792 2303 spectari
815 2218 868 2302 (of.
895 2217 1015 2280 Phoen.
1032 2215 1123 2300 287);
1145 2225 1257 2302 postea

114 2333 218 2388 entem
240 2322 363 2387 Phoen.
377 2323 437 2389 748
449 2325 696 2411 circumscriptio
719 2334 832 2390 exstat.
869 2325 991 2390 Eodem
1014 2325 1136 2388 ratione
1157 2323 1256 2408 Hipp.

115 2431 194 2497 1223
216 2436 374 2516 πυριγενῆ
394 2433 489 2496 θείοιο
510 2433 636 2518 integro
653 2455 748 2498 sensu
762 2435 919 2499 removeri
935 2442 1050 2520 potest,
1072 2432 1157 2518 quod
1173 2432 1257 2496 idem

113 2561 176 2604 non
200 2538 285 2604 ondit
307 2541 338 2603 in
361 2538 418 2606 Or.
439 2540 526 2607 820*
570 2539 693 2606 Similia
725 2541 871 2627 exemplu
902 2550 1030 2606 exstant
1060 2541 1083 2608 J
1086 2562 1135 2604 on.
1168 2539 1257 2620 ow,

116 2648 193 2714 1549
216 2648 312 2732 (neo.)
334 2656 367 2711 et
384 2647 481 2712 Andr.
508 2649 584 2715 1157
609 2648 807 2735 (descript.);
837 2647 910 2713 Hel.
931 2650 1029 2715 1486*
1051 2649 1148 2732 (neo.)
1170 2655 1203 2710 et
1223 2645 1257 2712 J.

115 2753 152 2818 Τ.
176 2754 276 2819 1236*
299 2754 495 2842 (descript.);
518 2755 594 2822 don.
620 2757 717 2823 1466*
739 2757 837 2843 (neo.)
861 2765 893 2820 et
913 2755 1035 2821 Phoen.
1061 2755 1148 2821 128*.

194 2861 270 2928 dom
293 2861 332 2926 de
354 2884 486 2944 norme,
522 2885 618 2950 quarn
641 2865 739 2929 secuti
763 2887 880 2949 sumus,
903 2865 958 2930 ubi
979 2865 1195 2928 necessarium
1216 2885 1257 2927 un

116 2969 339 3057 descriptivum
363 2971 401 3034 sit
422 2971 482 3034 hoe
503 2971 555 3036 vel
570 2971 647 3036 illud
660 2972 821 3059 epitheton
836 2973 1020 3058 ambigitur,
1043 2973 1128 3054 sutis,
1153 2969 1256 3054 oredo,

118 3079 332 3164 exposuimus.
392 3077 462 3142 Neo
503 3079 602 3144 mults
642 3081 681 3144 de
725 3082 908 3146 ornantibus
951 3079 1096 3166 epithetis
1125 3079 1258 3143 dicende

118 3194 254 3269 restant,
277 3207 409 3272 quorum
431 3209 508 3273 prae
537 3190 648 3254 ceteris
669 3190 798 3275 quidem
820 3189 949 3254 omnino
971 3209 1035 3252 non
1059 3187 1102 3250 ite
1123 3209 1257 3271 magnus

116 3292 197 3380 apud
219 3293 403 3382 Euripidem
427 3318 576 3360 numerus
598 3299 766 3362 invenitur.
802 3295 934 3363 Clarum
955 3308 1061 3360 eutem
1085 3303 1141 3376 est,
1164 3295 1258 3359 etiam

115 3399 171 3485 hio,
193 3410 230 3465 ut
251 3403 400 3469 antesin
424 3403 641 3491 descriptivis‚
666 3405 846 3493 ubieunque
871 3405 1138 3469 circurnlocutioni
1159 3404 1257 3467 inser·

116 3510 202 3573 viant
223 3510 371 3595 epitheta,
394 3533 447 3595 es,
470 3506 614 3598 quemuis
645 3513 713 3577 aliis
745 3514 823 3578 loeis
846 3514 993 3578 ornantia
1017 3514 1099 3594 sint,
1133 3533 1259 3599 semper

116 3624 219 3682 temen
242 3618 326 3682 inter
346 3621 526 3684 necessarie
555 3641 625 3684 esse
647 3620 823 3686 referende.
867 3619 940 3699 Quo
962 3622 994 3684 in
1018 3642 1136 3704 genere
1160 3620 1258 3684 effero

115 3717 170 3789 sois
190 3715 365 3809 κερόεσσαν
386 3721 474 3807 ἔχειν
493 3717 715 3809 χρυσόμαλλον
735 3723 818 3792 nond
839 3728 930 3806 δῶμα
951 3723 1092 3809 ποίμναν
1101 3727 1153 3792 El.
1170 3729 1257 3811 72523

185 4011 206 4083 ¹)
225 4013 256 4065 Id
273 4031 357 4084 genus
375 4015 523 4082 exemplum
541 4020 582 4068 est
598 4015 637 4067 El.
651 4015 732 4068 1177*
749 4011 779 4073 ut
790 4014 832 4072 Γᾶ
840 4020 882 4072 καὶ
893 4011 943 4070 Ζεῦ
963 4016 1126 4092 πανδερκέτα
1143 4011 1260 4090 βρστόν,

120 4101 168 4156 usu
179 4096 239 4158 τάδ’
264 4109 332 4178 ἔργα,
344 4102 390 4153 nbi
415 4103 576 4176 πανδερκέτα
589 4102 808 4164 onussindiontnr,
828 4118 874 4154 onr
891 4102 923 4153 sd
941 4102 1053 4153 nefanda
1071 4101 1185 4153 facinora
1202 4117 1260 4153 oon·

119 4201 250 4240 versurum
276 4202 332 4240 esse
361 4189 454 4240 Jovem
481 4189 570 4240 oonlos
588 4189 693 4240 Orestes
713 4191 773 4255 jure
800 4189 927 4241 oonfidere
945 4187 1043 4254 possit3
1071 4190 1104 4240 of.
1127 4193 1260 4254 praeterea

122 4272 196 4342 Hipp.
217 4272 298 4339 166ss
315 4274 375 4326 Hel.
394 4277 459 4336 tom
479 4277 528 4343 frg.
548 4277 634 4342 48414.
