2738 4830
527 423 750 488 -147-

618 669 656 786 Ι.

464 910 811 1010 Determiuativa

618 1133 656 1214 ι.

440 1281 442 1286 ’
520 1334 741 1412 Nominum.

145 1531 235 1614 564.
279 1530 429 1619 Quinque
461 1540 582 1596 tantum
613 1532 758 1619 exempla
779 1531 883 1596 habeo
905 1529 1056 1594 hocloco
1087 1552 1203 1594 memo·

63 1640 174 1722 rande,
195 1643 379 1726 interquae
399 1639 492 1705 facile
514 1639 724 1725 expediuntur
745 1639 844 1704 verba
864 1627 1028 1724 Ἀχελῴου
1047 1630 1202 1722 θύγατερ,

63 1737 254 1833 εὐπάρθενε
276 1748 373 1832 (orn.)
395 1745 503 1832 Δίρκα
522 1746 638 1811 Bacch.
666 1747 762 1830 utut,
792 1769 863 1812 cum
895 1745 1202 1834 personifieetionem

64 1854 141 1919 inde
162 1857 331 1941 repetitam
366 1875 436 1919 esse
470 1862 594 1940 pateat,
632 1853 718 1940 quod
749 1863 874 1919 veteres
907 1853 1064 1940 nymphas
1097 1852 1201 1917 fontes

63 1961 203 2026 incolere
233 1963 399 2048 putabant.
441 1960 556 2049 Itaque
587 1961 760 2048 nympham
792 1971 823 2025 et
849 1959 967 2025 fontem
988 1958 1071 2023 idem
1093 1958 1201 2044 dicens

64 2068 104 2133 ad
141 2069 224 2132 hunc
254 2079 351 2154 poeta
380 2068 462 2133 illius
495 2069 656 2155 epitheton
692 2067 854 2134 transfert
908 2066 1052 2154 Suspicio
1081 2067 1201 2130 moveri

63 2185 170 2264 potest
189 2175 229 2240 de
244 2175 314 2240 Hel.
328 2179 345 2240 1
361 2171 482 2241 Νελλου
503 2165 759 2262 καλλιπάρθενοι
775 2176 872 2261 (orn.)
887 2174 972 2264 ροαλ,
993 2174 1047 2239 ubi
1064 2176 1201 2256 fuerunt,

64 2283 118 2370 qui
133 2304 191 2369 pro
214 2282 398 2370 attributivo
422 2272 682 2366 καλλιπάρθενοι
703 2283 821 2348 habere
841 2283 972 2349 mallent
991 2281 1202 2368 explicarent-

64 2411 127 2477 que
150 2389 191 2454 ob
212 2388 425 2455 inhabitantes
449 2390 606 2477 nymphas
632 2390 676 2454 ita
686 2390 840 2477 appellari
854 2389 1001 2477 lymphas
1016 2388 1155 2453 Niliacas
1163 2389 1200 2471 ¹).

64 2493 131 2563 Sed
159 2498 256 2562 satius
284 2500 343 2562 erit
368 2497 399 2561 in
422 2497 599 2561 Hermenni
629 2498 817 2562 sententiam
847 2499 893 2561 ire
922 2495 1079 2561 censentis
1100 2520 1202 2582 aquus

21 2643 24 2650 ·
63 2603 141 2669 Nili
156 2604 279 2669 cullius
299 2629 367 2670 cum
384 2604 470 2670 alius
481 2606 585 2692 fluuii
596 2607 688 2692 aquis
702 2606 896 2686 οοιοσιλυεοε,
917 2604 1003 2669 aede
1022 2603 1099 2669 solia
1119 2604 1201 2668 ιιιύί-

62 2712 120 2777 bes
144 2725 325 2801 prephatus
357 2713 487 2798 epitheto
516 2713 567 2778 hic
595 2726 735 2800 spectare
767 2710 956 2798 Euripidem
968 2713 1004 2795 ²).
1031 2748 1064 2758 -
1089 2709 1200 2776 Tertio

60 2817 131 2884 loeo
154 2841 271 2905 ponam
291 2811 433 2900 ἐξώπιος
454 2842 461 2882 :
484 2820 554 2883 Alc.
584 2819 644 2884 546
672 2810 829 2911 δωμάτων
849 2813 1010 2900 ἐξωπίους
1032 2819 1128 2904 (nec.)
1149 2818 1199 2899 ξε-

59 2930 174 3009 νῶνας,
207 2925 295 3009 eujus
329 2925 368 2990 de
389 2927 577 2992 formatione
609 2927 691 3008 ollg
720 2927 791 3012 6p.
820 2926 869 2990 22.
890 2963 933 2974 -
953 2926 1102 3013 Denique
1123 2925 1198 3018 item

60 3032 221 3120 adjectivo
253 3032 482 3098 concluduntur
503 3030 689 3120 συνδρομας
711 3056 718 3098 :
739 3032 772 3098 J.
795 3032 834 3098 Τ.
865 3033 945 3098 421*
976 3023 1198 3118 συνδρομάδας

60 3140 162 3228 (nee.)
184 3140 314 3226 πλερας,
337 3163 473 3227 quocum
495 3141 535 3206 cf.
557 3165 586 3205 v.
611 3141 671 3206 124
692 3132 812 3206 πόντου
837 3139 953 3216 δλσσας
974 3131 1200 3226 συγχωρούσας

60 3248 183 3334 πέτρας
215 3258 247 3312 et
267 3246 474 3313 Homericum
496 3250 536 3334 (a
557 3249 634 3335 412)
657 3245 750 3333 λισσὴ
772 3247 800 3312 δ’
821 3242 974 3345 &lipposa
1003 3248 1123 3333 πλιρα,
1145 3250 1199 3313 ubi
1284 3274 1285 3279 ¹

61 3377 188 3442 semper
207 3352 440 3442 Symplegades
462 3355 581 3442 scopuli
602 3355 806 3441 intellegendi
828 3358 938 3439 sunt³l
968 3365 1062 3422 —et
1092 3347 1199 3445 α’μκὴ.

57 3484 132 3544 μων
153 3484 160 3525 :
183 3461 305 3529 Phoen.
337 3463 377 3528 64
409 3453 560 3549 ἀμνήμων
586 3454 665 3550 τύχη
691 3463 813 3547 γένοιτο
835 3487 842 3528 :
865 3464 904 3527 of.
934 3462 1012 3527 Her.
1035 3463 1095 3528 fur.
1120 3464 1198 3532 1397

59 3567 178 3655 πέτρος
199 3561 350 3654 α’μιήμωκ
373 3573 471 3653 (nec.)
492 3576 605 3634 κακῶν.

134 3999 155 4066 ¹)
172 4000 215 4052 Sic
231 3991 363 4078 hobechio
380 4001 489 4069 placuit,
506 4002 618 4069 Paralip.
636 4003 662 4051 11
680 4018 703 4069 p.
723 4007 789 4067 3723
808 4005 840 4054 cf.
859 4001 1031 4054 Schirlituium
1049 4001 1065 4051 1.
1084 4016 1106 4051 ο.
1124 4016 1148 4066 p.
1167 4005 1199 4053 43

59 4080 111 4141 hec
128 4087 160 4137 de
177 4103 241 4138 voce
258 4086 439 4153 disputantem.

127 4176 152 4246 ¹)
170 4180 267 4232 Eodem
284 4181 412 4232 sententia
430 4181 506 4232 etiam
525 4182 629 4234 Henseo
649 4188 694 4242 est
714 4183 730 4233 l.
750 4198 772 4234 c.
790 4199 815 4248 p.
835 4188 892 4234 λιι.

129 4272 152 4343 ³>
168 4274 208 4325 Of.
228 4275 361 4325 Henseum
379 4288 403 4340 p.
423 4277 462 4326 87.
939 4345 1000 4406 ¹0*
