2738 4830
566 433 764 498 ,77-

85 630 265 699 generum·
282 634 373 678 casus
404 614 616 681 efficerentur.
661 612 769 693 Quare
800 614 894 680 etiam
915 614 997 680 hano
1018 614 1059 679 ob
1080 637 1149 679 rom
1171 636 1235 680 non

83 741 166 786 raro
199 721 339 808 optanda
360 721 527 787 videbatur
549 722 737 810 simplioium
758 722 860 788 forma
881 723 1042 810 paululum
1063 723 1235 789 immutato.

79 828 192 894 Nune
219 850 296 894 voro
329 851 369 895 ex
397 829 459 893 hoo
480 829 636 895 desiderio
657 831 719 917 ipsi
753 830 880 916 linguae
901 852 1054 914 magnum
1075 829 1235 917 quoddam

77 939 219 1003 luorum
239 936 454 1020 redundabat3
476 936 657 1024 ubieunque
690 937 774 1001 enim
795 945 927 1024 proptor
940 935 1157 1002 incommodas
1175 944 1236 1003 tor-

76 1045 285 1111 minationss
317 1043 438 1110 formae
471 1043 661 1131 simplicium
692 1045 838 1129 integrao
874 1043 947 1108 ferri
980 1066 1043 1108 non
1081 1053 1236 1132 poterant,

77 1154 294 1241 aptissimum
313 1174 473 1239 quomque
496 1153 661 1240 compositi
694 1153 813 1217 exitum
834 1152 894 1217 sibi
916 1151 1033 1237 eligere
1047 1152 1091 1217 illi
1112 1152 1236 1218 lioebat.

77 1261 160 1328 Hic
180 1270 351 1343 autem-oc,
367 1281 424 1326 -ον
436 1282 506 1325 esse
518 1259 693 1342 videbatur,
717 1281 812 1346 quem
827 1280 905 1346 pras
920 1262 1033 1325 ceteris
1047 1260 1237 1325 ereberrime

80 1368 274 1434 adhibitum
302 1368 455 1433 invenies.
507 1366 588 1433 Inde
623 1367 716 1432 etiam
739 1369 930 1455 explieatur,
963 1368 1048 1454 quod
1069 1369 1145 1455 ipsis
1166 1370 1239 1434 ino

85 1475 317 1542 desinentibus
338 1475 488 1563 stirpibus
511 1498 635 1564 sempor
656 1475 724 1540 fere
752 1475 864 1541 eadem
886 1485 935 1540 est
955 1477 987 1539 in
1011 1476 1238 1562 compositione
1324 1548 1327 1558 ,

86 1585 220 1672 species
243 1594 383 1666 externa,
407 1605 488 1671 quae
512 1593 581 1648 erat
603 1583 797 1671 simplioibus
819 1584 890 1668 (sed
913 1583 953 1647 of.
976 1588 996 1666 ὃ
1017 1584 1081 1662 ὃὸ).

181 1689 273 1757 Ηαοσ
295 1693 390 1756 etiam
413 1689 453 1757 ad
476 1691 614 1779 epitheta
634 1691 790 1777 quadrant
811 1690 995 1779 Euripidea.

547 1982 794 1992 ——Q

652 2192 689 2275 λ.

173 2393 342 2472 Secunda
366 2358 535 2472 membra
559 2394 782 2498 simplicium
806 2395 966 2474 formam
992 2392 1170 2471 exhibent

574 2521 769 2623 integram.

102 2716 191 2798 528.
233 2715 438 2804 Epitheta
469 2740 487 2783 e
529 2718 686 2783 duobus
723 2720 1005 2784 substantivis
1042 2724 1239 2782 constant.

104 2850 129 2911 1.
173 2847 350 2915 Saeaadaon
370 2850 571 2937 epithetoraun
599 2852 698 2917 locum
719 2854 833 2938 stirpes
854 2851 962 2917 vocali
991 2851 1096 2916 littera
1118 2850 1241 2916 eouelaa

558 2982 612 3024 aaa
633 2961 778 3024 obtinent.

183 3078 408 3174 χρασόμαλλος
429 3114 467 3156 σα
488 3115 567 3158 auro
585 3093 753 3179 factumi.
780 3115 804 3157 o.
826 3115 955 3156 αναοααι
967 3090 1084 3178 pollam
1104 3092 1241 3157 babens:

100 3195 151 3261 El.
174 3196 253 3271 725*
285 3192 343 3264 τᾶν
369 3186 548 3284 κερόεσσαν
567 3191 786 3286 χρυσόμαλλον
820 3197 958 3280 ποίμναν
980 3202 1015 3285 (ξ
1037 3201 1087 3283 2);
1120 3199 1160 3264 of.
1184 3199 1241 3266 Or.

100 3303 181 3369 998*
203 3303 237 3389 (ἓ
259 3305 325 3388 72).
351 3342 384 3353 -
407 3306 672 3394 χροσοσαὲφανος
693 3331 700 3371 :
722 3307 798 3374 Jon.
822 3307 921 3374 1085*
941 3297 998 3371 κᾶν
1018 3305 1242 3391 χρυσοστέφα-

100 3432 150 3506 νον
172 3401 283 3497 κόραν;
305 3414 520 3499 intellegenda
548 3424 596 3479 est
617 3414 815 3503 Proserpina.
843 3451 877 3463 -
901 3411 1145 3497 xodadoauoc1):
1168 3412 1242 3478 Hel.

99 3518 181 3587 245*
201 3517 382 3602 χαλκίοικον
402 3515 447 3599 ὥς
467 3512 621 3589 Ἀθάναν
640 3516 789 3606 addetum
813 3522 853 3588 of.
876 3546 905 3587 v.
927 3523 1017 3589 228*.

156 3766 185 3832 2.
229 3767 372 3832 Membro
392 3768 531 3834 seeundo
551 3769 666 3856 stirpes
686 3782 759 3834 sunt
779 3770 815 3834 a'n
836 3793 1005 3835 consonam
1026 3769 1180 3836 audentes.

184 3889 320 3988 γοργολψ
350 3900 507 3991 Geryonis
541 3916 637 3990 eaput
672 3903 852 3986 eontinena3
885 3903 930 3967 sio
960 3899 1105 3966 Minerva
1145 3924 1241 3990 super

173 4199 193 4269 ¹)
211 4203 252 4253 Do
269 4201 400 4254 debilitato
426 4202 517 4269 prioris
534 4202 621 4270 stirpis
647 4203 719 4256 exitu
746 4204 886 4257 Glommius
912 4203 977 4272 agit,
1008 4203 1239 4256 Garumnam

102 4305 128 4356 p.
144 4290 177 4340 at
195 4302 307 4354 quonum
324 4287 357 4339 of.
375 4288 556 4357 Boedigernm,
575 4289 592 4340 l.
611 4302 627 4340 o
651 4305 676 4356 p.
695 4293 736 4352 40,
758 4294 798 4342 41.
