2738 4830
559 439 777 501 *111-

94 610 296 703 Ξμόλεκτρος
326 642 514 685 ommonem
545 642 614 685 earu
645 619 743 686 olleo
775 633 875 687 torum
906 621 1052 686 iohcoo:
1087 619 1144 685 Or.
1174 621 1236 687 476

94 723 206 811 Ζηνός·
225 717 415 811 ὁμόλεκτρον
436 715 519 812 aoipo
531 730 579 809 Ἢ
600 728 645 791 sio
666 726 870 813 Tyndareum
892 727 1057 792 Menelaus
1079 726 1236 816 appellat3

94 832 137 896 af.
171 854 202 895 v.
236 833 306 899 508.
331 869 366 882 -
389 824 550 918 ὁμόφυλος
580 833 710 920 (φῦλον)
734 850 742 898 t
764 831 841 899 Her.
874 835 934 900 fur.
966 835 1065 901 1200·
1097 836 1176 919 (86).
1199 872 1234 884 -

94 931 242 1020 ὅμαιμος
263 936 391 1026 (uiuus)
415 964 422 1005 ε
445 939 500 1009 Or.
523 942 584 1007 674
604 937 728 1028 πατρὸς
746 934 864 1023 ὅμαιμε
887 946 962 1006 θεῖε
983 943 1022 1007 cf.
1045 943 1106 1029 frgr
1128 944 1236 1028 519s53

94 1047 290 1112 substantivi
311 1058 417 1136 partes
438 1044 585 1131 ὁμαίμων
607 1049 736 1136 suscipit
755 1049 789 1116 J.
812 1048 850 1114 T.
875 1050 957 1120 1402,
975 1059 1007 1114 et
1028 1049 1083 1116 Or.
1106 1051 1175 1115 684.

547 1361 792 1370 ——-—-..-.

489 1736 492 1742 ⁴
567 1613 688 1708 cnr.
718 1616 772 1707 n.

475 1840 633 1931 llpitlreta
654 1842 865 1940 descriptiva

186 2026 276 2108 539.
319 2025 463 2091 Abusum
493 2048 544 2090 me
577 2040 648 2091 esse
677 2027 828 2114 patientia
858 2048 915 2091 sua
943 2048 1044 2114 paene
1065 2042 1177 2092 vereor
1197 2049 1237 2092 ne

94 2131 233 2221 longam
241 2152 345 2197 meam
357 2132 644 2219 „necessariorum“
658 2135 771 2197 seriem
782 2134 983 2220 perlegentes
996 2156 1065 2198 cum
1076 2134 1237 2199 stomacho

99 2241 360 2306 exclamaverint.
403 2241 448 2305 Et
476 2241 671 2305 mehercule!
700 2241 847 2327 equidem
867 2242 921 2305 vix
941 2241 1052 2319 habeo,
1074 2223 1136 2326 quc
1158 2241 1237 2327 ejus-

100 2348 191 2413 modi
213 2349 330 2412 crimen
350 2349 541 2435 propulsem.
583 2348 734 2412 Attamen
760 2368 800 2412 ex
821 2348 890 2435 ipsa
911 2348 1044 2412 fortasse
1066 2350 1236 2412 necessari·
1294 2410 1297 2421 ,

102 2472 194 2520 orum
216 2465 328 2520 natura
347 2455 483 2540 aliquam
513 2464 656 2542 repetere
677 2455 751 2518 licet
772 2455 1018 2518 excusationem.
1059 2453 1144 2520 Nam
1164 2477 1237 2544 pars

102 2563 227 2627 illorum
249 2563 386 2627 maxima
407 2582 478 2627 cum
493 2571 576 2628 esset
590 2585 609 2626 a
622 2564 745 2649 poetico
762 2561 887 2626 dicendi
907 2584 1025 2647 genere
1039 2563 1237 2648 alienissima,

103 2670 191 2734 nulla
209 2670 277 2734 fere
299 2671 509 2758 explicatione
529 2690 625 2755 egere
646 2672 716 2756 ipsa
731 2669 926 2734 videbantur.
957 2671 1078 2757 Itaque,
1100 2671 1238 2736 neultra

104 2777 234 2842 modum
265 2777 344 2841 haec
376 2778 597 2840 commentatio
620 2772 859 2858 extenderetur,
893 2777 1043 2863 optimum
1066 2779 1168 2841 visum
1190 2789 1238 2840 est

104 2886 241 2970 catalogi
272 2885 370 2949 instar
400 2893 500 2949 totum
538 2883 755 2970 exemplorum
781 2882 924 2947 ordinem
959 2899 1145 2971 proponere.
1184 2885 1236 2950 Ab

104 2992 164 3057 hac
184 2993 281 3078 igitur
299 3001 387 3079 parte
398 3041 407 3076 ,
440 2992 588 3077 quoniam
617 3010 725 3054 omnes
753 2990 888 3076 catalogi
909 2991 1143 3078 qualescunque
1164 3003 1238 3057 sunt

104 3100 243 3165 taedium
292 3099 428 3164 afferunt
472 3096 516 3163 cls
551 3099 605 3184 qui
647 3099 777 3184 legunt,
819 3100 939 3163 crimen
970 3099 1047 3162 illud
1080 3109 1168 3164 recte
1203 3120 1236 3163 se

104 3191 223 3272 habere
243 3205 376 3272 libenter
397 3206 545 3272 concedo.

187 3339 263 3406 dam
285 3361 360 3404 vero
382 3341 505 3404 veniam
528 3360 580 3403 me
601 3360 670 3403 esse
693 3338 732 3403 ab
756 3359 793 3403 eo
814 3337 1050 3424 impetraturum
1071 3360 1162 3424 spero
1185 3339 1238 3425 qui

105 3456 225 3512 ceteras
257 3440 402 3534 opusculi
427 3444 597 3532 particulas
628 3445 808 3532 perlegerit.
851 3443 891 3509 In
913 3444 960 3508 his
983 3446 1065 3508 enim
1100 3445 1132 3508 in
1149 3467 1237 3509 cam·

103 3577 179 3640 pum
207 3552 438 3642 quodammodo
470 3546 706 3636 descendimus,
737 3552 770 3616 in
804 3573 867 3639 quo
898 3550 1035 3616 ostendit
1066 3550 1236 3639 Euripides

104 3660 256 3726 sermonis
277 3660 392 3749 poetici
412 3659 647 3748 magnificentia
677 3683 715 3724 ae
747 3660 909 3746 granditas
941 3667 1093 3745 quantum
1113 3661 1236 3744 ¹augeri

105 3768 226 3856 possint
256 3767 401 3856 epithetis
424 3765 618 3856 compositis,
653 3786 810 3854 quamque
842 3762 942 3833 libere
973 3766 1005 3831 in
1037 3790 1096 3831 usu
1128 3787 1236 3830 eorum

107 3870 233 3942 Graeco
253 3885 366 3962 poetae
387 3879 504 3940 versari
524 3869 618 3940 liceat
638 3876 670 3938 in
691 3883 862 3962 conspectu
882 3874 974 3939 simul
993 3875 1092 3961 ponit.

111 4198 113 4204 ⁴
174 4178 195 4246 ¹)
212 4181 251 4230 De
268 4179 387 4246 genetivo
404 4179 571 4230 Kushnerum
589 4177 672 4239 adeas,
691 4179 803 4229 Gramm.
822 4180 877 4228 294.
898 4184 919 4227 1.
