2738 4830
593 1459 730 1562 Liber
763 1459 903 1590 prior.

325 1785 372 1868 oo
400 1782 623 1892 epithetomu
650 1784 912 1893 ooupositoruu
936 1807 1002 1867 usu
1028 1782 1181 1892 sinplioi.

260 1991 330 2070 51.
375 1987 461 2055 Satis
490 1997 599 2052 notum
621 1997 684 2069 ost,
713 2010 777 2053 non
798 1988 893 2051 modo
922 1988 954 2050 in
984 1985 1177 2072 tragicorum
1198 1985 1313 2068 fabulis,

181 2096 236 2161 sod
258 2097 290 2160 in
312 2095 461 2159 universa
484 2093 682 2160 Graecorum
704 2096 794 2182 poesi
817 2094 1004 2159 efficiendae
1025 2093 1069 2158 illi
1080 2143 1089 2177 ,
1111 2116 1206 2180 quam
1228 2093 1315 2173 mira·

180 2225 268 2286 mur,
303 2203 453 2266 orationis
474 2201 730 2288 magnificentiae
753 2225 790 2267 ac
813 2203 986 2288 granditati
1022 2212 1219 2289 quantopere
1250 2223 1314 2266 oum

180 2311 285 2375 omnia
315 2312 490 2374 inserviant
525 2310 685 2397 epitheta,
718 2321 783 2374 tum
817 2312 953 2374 maxime
987 2309 1169 2398 composita.
1220 2308 1315 2376 Simul

180 2441 217 2482 ea
239 2417 371 2482 orationi
406 2439 469 2480 non
506 2416 697 2481 mediocrem
733 2426 878 2481 ornatum
915 2415 1112 2504 adspergunt
1153 2426 1185 2481 et
1224 2440 1315 2482 venu·

176 2534 289 2590 statem
321 2534 415 2610 atque
439 2545 512 2588 eum
532 2524 676 2611 inprimis
699 2523 849 2607 habitum,
878 2546 916 2588 ex
939 2547 1002 2612 quo
1025 2546 1075 2588 res
1096 2525 1147 2589 vel
1168 2547 1316 2612 personas

177 2633 290 2720 quovis
311 2632 380 2695 loco
402 2640 593 2695 memoratas
615 2632 683 2718 ipse
705 2631 819 2695 intueri
840 2632 950 2696 credas
973 2632 1208 2719 quodammodo
1230 2653 1317 2719 prae

177 2750 292 2805 sentes.
314 2739 518 2804 Duentnerus
530 2739 592 2804 duo
608 2739 817 2826 epithetorum
833 2762 953 2826 genera
968 2740 1133 2825 distinguit
1145 2741 1181 2826 ¹),
1204 2765 1317 2807 ornan·

178 2851 225 2914 tia
241 2859 271 2912 et
292 2847 495 2934 descriptiva,
517 2869 599 2934 quae
615 2849 719 2913 vocari
737 2859 879 2936 possunt.
907 2850 975 2914 Illis
997 2850 1160 2914 abundant
1181 2852 1318 2916 carmina

176 2956 357 3039 Homerica,
375 2978 444 3020 oum
462 2977 499 3019 ea
509 2956 639 3042 egregie
654 2956 725 3021 fuso
742 2958 934 3044 copiosoque
948 2959 1055 3044 poesis
1070 2959 1177 3046 opieae
1192 2957 1317 3026 dicendi

174 3065 287 3151 generi
309 3064 507 3127 conveniant.
859 3046 863 3059 ’

259 3170 371 3236 Altero
393 3171 605 3258 epithetorum
627 3193 745 3256 genere
768 3193 831 3235 non
852 3181 917 3236 tam
939 3181 1068 3236 ornatus
1088 3173 1238 3240 tribuitur
1252 3197 1315 3240 ora·

176 3278 269 3361 tioni,
305 3300 399 3364 quarn
422 3299 574 3364 praesens
597 3288 691 3364 atque
713 3277 845 3344 evidens
868 3279 999 3364 alicujus
1020 3282 1068 3344 rei
1088 3281 1140 3345 vel
1161 3303 1315 3368 personae

175 3387 281 3471 imago
303 3385 401 3449 oculis
423 3386 594 3467 subicitur3
623 3385 699 3449 nihil
721 3385 804 3450 enim
826 3386 866 3449 ad
888 3387 992 3473 ipsum
1014 3388 1167 3452 enuntiati
1190 3412 1315 3454 sensum

176 3493 255 3556 haec
276 3493 392 3556 volent.
435 3492 627 3578 Plerumque
649 3502 754 3557 autem
776 3494 820 3557 ita
842 3506 1023 3582 comparata
1044 3507 1138 3577 sunt,
1160 3507 1196 3561 ut
1217 3500 1314 3563 notio-

176 3623 233 3664 nes
255 3602 436 3688 exprimant
465 3598 753 3681 substantivorum,
781 3600 896 3687 quibus
930 3601 1037 3667 addita
1057 3614 1149 3687 sunt,
1179 3607 1314 3672 maxime

176 3785 374 3794 ———.

244 3898 265 3966 ¹)
282 3900 453 3953 Homerisoho
472 3902 687 3968 Abhandlungeru
707 3902 813 3971 Leipzig
833 3908 897 3956 1872
915 3921 939 3970 p.
959 3908 1008 3956 509
1026 3925 1033 3957 ε
1051 3907 1097 3957 Alo
1124 3906 1242 3958 habenda
1260 3906 1313 3958 Boi·

172 3992 265 4038 nonar
283 3987 421 4038 baueiohna
439 3987 482 4039 ioh
495 3987 649 4055 diajsnigau,
670 3990 769 4040 waloho
782 3991 913 4042 Personas
931 3993 993 4042 oder
1008 3993 1190 4059 Goganstttnda
1209 3994 1248 4044 als
1260 4009 1313 4044 aus·

175 4071 327 4137 gonsiohnet
344 4073 370 4123 in
388 4072 457 4124 ihrer
483 4076 528 4125 Art
540 4075 719 4126 hervorhoban
731 4077 785 4126 und
797 4077 933 4128 hierdurah
947 4078 1004 4127 dam
1018 4078 1170 4130 Ausdruoke
1184 4079 1311 4130 Schmuok

176 4158 316 4209 varloihan.
353 4159 396 4211 Sis
414 4160 538 4212 baziohan
555 4161 610 4212 sioh
629 4165 676 4213 auf
691 4163 732 4213 dio
751 4163 899 4226 Sohtnhoit,
918 4163 958 4214 dio
976 4164 1078 4228 Praoht
1097 4166 1147 4216 don
1166 4167 1255 4227 Glana,
1268 4163 1311 4229 ,uia

174 4243 370 4308 Trasfliohlrait3
389 4248 423 4299 of.
440 4262 465 4312 p.
483 4251 541 4310 607,
560 4250 619 4300 516.
