2738 4830
578 422 796 488 -172-

242 605 356 689 1502*;
378 606 455 670 Her.
478 607 536 670 fur.
562 608 676 690 1035*;
711 608 767 673 Or.
790 608 866 690 3833
890 605 1010 671 Phoen.
1034 604 1144 685 1351*,
1168 601 1251 682 1635,

191 731 195 741 ·
238 713 334 797 218*;
367 712 465 799 Hipp.
488 713 558 795 646,
581 713 677 793 741*;
701 713 777 780 Jon.
802 713 900 794 1133,
928 713 1021 795 12663
1049 712 1082 779 J.
1105 713 1146 777 A.
1171 712 1252 792 172⁸,

242 815 337 902 190*;
359 819 460 884 Andr.
482 820 553 885 399.
1089 862 1091 867 ·

561 1155 807 1164 m—

588 1486 710 1570 CAP.
740 1486 791 1570 Π.

427 1710 474 1778 lle
496 1709 713 1778 membrorum
735 1707 948 1778 abundantis.

177 1893 253 1974 5¹74.
270 1892 472 1980 Descriptive
479 1893 630 1979 epitheta,
639 1914 773 1980 quorum
782 1913 878 1977 supro
885 1894 1092 1977 cognovimus
1099 1900 1251 1973 naturam,

28 2080 30 2082 Ι
116 2022 154 2064 eo
167 2000 366 2085 potissimum
377 2009 522 2087 spectare
533 2000 756 2086 judicavimus,
772 2008 806 2062 ut
816 1999 986 2084 imaginem
1001 1998 1134 2083 alicujus
1145 1999 1191 2062 rei
1205 1997 1251 2061 vel

115 2128 270 2193 personae
292 2129 387 2193 quam
410 2107 617 2172 clarissimam
639 2107 875 2172 adumbrarent.
898 2105 1022 2170 Eodem
1044 2126 1122 2169 vero
1144 2113 1249 2192 poetae

115 2212 218 2277 studio
249 2236 314 2277 non
334 2215 464 2278 minima
494 2236 534 2278 ex
555 2224 646 2302 perte
669 2214 763 2279 etiem
786 2215 862 2294 hoo,
886 2213 925 2278 de
958 2235 1021 2300 quo
1043 2234 1129 2276 nunc
1151 2212 1248 2299 dispu-

113 2320 265 2404 bebimus,
296 2321 413 2386 idioma
434 2324 618 2409 explicetur.
643 2360 677 2371 -
703 2324 751 2386 Ac
780 2322 917 2407 primum
938 2319 1084 2407 quidem,
1107 2322 1248 2406 quonism

115 2429 216 2492 omnis
249 2431 474 2515 quaeratione
506 2432 679 2495 instituitur
712 2429 881 2517 disputatio
915 2428 1140 2493 edefinitione
1160 2427 1248 2515 profi-

114 2536 189 2599 cisci
204 2535 308 2619 debet,
331 2535 371 2600 de
387 2537 511 2601 duobus
532 2537 672 2623 cujusvis
694 2537 823 2624 epitheti
847 2536 1011 2624 compositi
1033 2534 1186 2601 membris
1207 2534 1244 2599 el·

113 2652 216 2708 terum
248 2644 292 2708 eis
318 2644 394 2707 loeis
427 2644 589 2709 abundare
610 2653 708 2731 petet,
731 2643 862 2730 quibus,
896 2659 968 2708 cum
1000 2653 1054 2708 eut
1075 2644 1246 2708 membrum

113 2752 305 2816 antecedens
326 2752 377 2816 vel
399 2751 624 2839 pedisequum,
655 2761 709 2817 aut
729 2774 846 2816 novum
868 2751 1027 2838 quoddam
1050 2751 1187 2838 simplex
1207 2749 1246 2814 id·

114 2880 175 2945 que
206 2859 274 2944 ipso
306 2860 480 2947 composito
506 2860 575 2945 jem
607 2858 779 2923 indicatum
826 2859 867 2923 ed
900 2853 1130 2923 conficiendum
1160 2879 1247 2944 quen

113 2975 208 3052 poete
229 2967 407 3053 exprimere
427 2967 495 3030 vult
516 2988 644 3030 sensum
667 2966 847 3050 sufficeret,
868 2966 920 3031 hic
942 2976 1050 3031 temen
1071 2967 1104 3029 in
1127 2987 1245 3052 compo·

114 3075 174 3139 sito
196 3075 316 3156 meluit,
339 3096 434 3161 quam
449 3075 482 3138 in
503 3074 636 3161 simplici
659 3074 799 3161 epitheto
820 3076 1031 3160 acquiescere.
1065 3070 1162 3151 Quod
1192 3073 1248 3136 elu-

113 3190 184 3246 ceat
197 3203 236 3245 ex
251 3180 283 3247 J.
299 3183 338 3246 A.
352 3181 413 3246 919
424 3171 625 3269 ὑψηλόφρων
642 3173 903 3269 θυμόςεὺψηλὸς
916 3173 1043 3264 Septim
1058 3179 1158 3268 Hipp.
1176 3181 1245 3245 1161

113 3279 280 3374 sacellus?
310 3283 536 3372 deversitores
574 3281 856 3373 udlerc=yslcovoe
896 3280 1030 3369 πόλεως
1062 3288 1143 3353 Hec.
1177 3288 1247 3352 121*

111 3403 167 3482 τῆς
198 3390 397 3475 μαντιπόλου
430 3394 631 3485 βάκχηςετῆς
661 3399 815 3483 μαντικῆς
844 3388 969 3482 βάκχης
980 3395 1017 3479 ¹).
1057 3393 1248 3460 Permissum

111 3505 210 3590 igitur
231 3514 280 3572 est
301 3506 341 3569 eb
362 3506 422 3570 heo
442 3508 579 3592 partein
595 3507 719 3591 singule
741 3504 882 3593 epitheto
903 3503 1087 3589 diligentius
1108 3508 1195 3569 'nunc
1207 3500 1246 3565 in·

112 3611 256 3700 quirere;
288 3611 345 3677 sed
376 3623 475 3678 artem
508 3623 539 3678 et
567 3613 734 3679 audaciam
764 3612 890 3678 dicendi
924 3610 1018 3697 hujus
1049 3608 1123 3674 libri
1144 3629 1247 3681 exem-

112 3719 235 3806 plorum
267 3721 428 3807 propriam
457 3722 606 3807 quoniam
637 3723 669 3785 in
699 3723 820 3786 ratione
852 3719 1051 3808 potissimum
1079 3719 1165 3783 inter
1185 3717 1247 3804 ipse

113 3826 254 3914 epitheta
286 3850 405 3915 sueque
437 3829 634 3894 substantive
655 3830 871 3895 intercedente
902 3828 1040 3916 positam
1061 3846 1132 3890 esse
1155 3824 1245 3889 volui·

113 4039 311 4048 ——-——-—-

124 4223 126 4226 ⁴
183 4177 202 4245 ¹)
222 4177 265 4230 sio
279 4181 336 4245 jem
353 4180 492 4232 scholiasta
509 4181 574 4233 haec
590 4182 670 4232 verbs
687 4181 806 4248 explieat
862 4174 864 4179 ’
