2738 4830
588 397 778 498 ..’54..

116 619 186 682 bins
208 619 300 683 nobis
322 616 452 682 tradidit
473 614 527 698 (V.
559 617 631 698 106)
653 614 886 699 πρασλμοχθος
908 639 915 676 :
937 607 1002 677 όιελ
1025 608 1242 696 πραολμογθοι

117 720 257 792 κοόποθ’
276 715 389 808 ἥσυχοι
402 723 477 806 δορλ
494 722 600 808 (=frg.
616 720 691 808 986)
705 722 773 785 sine
795 720 890 784 dubio
911 743 974 784 nou
996 720 1150 820 exipsius
1166 720 1244 783 Enri-

119 833 201 919 pidis
221 833 351 915 ingenio
374 831 548 918 profectum
572 828 627 893 sed
650 839 761 915 postea
782 829 939 914 genuinae
969 827 1114 892 lectionis
1145 828 1245 913 depra·

118 941 244 1003 vatione
268 949 412 1003 exortum
434 940 528 1018 est1).
571 938 685 1022 Itaque
706 937 861 1020 asigmata
882 927 1058 1022 procedant
1080 958 1088 998 τ

201 1069 351 1156 φίλοινος
373 1095 380 1135 :
402 1071 463 1157 frg.
488 1072 545 1136 184
565 1075 689 1151 μοῦσαν
708 1071 769 1134 τιν’
792 1060 937 1152 εἰσάγεις
957 1067 1112 1153 φίλοινον.
1136 1062 1176 1116 ss
1199 1092 1249 1157 φι-

118 1169 250 1260 λόξενος
271 1202 278 1241 :
302 1178 370 1241 Alc.
393 1178 456 1244 830
477 1173 594 1262 ἀνδρός
613 1174 646 1242 ἐν
667 1170 839 1263 φιλοξένου
862 1168 995 1259 oleam
1018 1177 1056 1240 cf.
1080 1198 1110 1239 v.
1133 1199 1164 1240 v.
1187 1177 1250 1260 809,

117 1287 194 1367 8583
218 1284 310 1372 Oykl.
335 1285 409 1369 1253
430 1286 492 1371 frg.
511 1286 579 1349 871.
604 1323 638 1332 -
664 1277 853 1372 φιλόψογος
874 1307 881 1348 :
904 1284 1023 1348 Phoen.
1046 1284 1105 1348 198
1116 1275 1251 1371 φιλόψο

116 1416 171 1478 γον
198 1393 305 1479 χρῆμα
331 1392 476 1480 θηλειῶν
507 1388 586 1477 ἔφυ;
611 1430 643 1439 -
668 1393 744 1456 item
778 1392 872 1455 etiam
896 1391 945 1455 El.
969 1391 1032 1457 904
1051 1389 1249 1455 scribendum

117 1512 164 1565 esi
193 1501 364 1565 secuudum
395 1499 526 1563 Victorii
555 1499 768 1584 conjecturam
798 1489 980 1585 φιλόψογος
1009 1487 1106 1574 πόλις
1135 1519 1195 1585 pro
1221 1497 1251 1560 li·

119 1609 244 1673 brorum
267 1599 451 1694 φιλόφνχος
472 1599 587 1686 πόλις,
620 1607 705 1692 quod
729 1629 824 1670 sensu
853 1618 945 1671 caret.
970 1644 1004 1654 -
1029 1597 1253 1692 φιλόπτολιςτ

119 1716 216 1781 Rhes.
251 1717 308 1780 158
339 1707 534 1800 φιλόπτολις
565 1703 683 1780 Δόλων.
707 1753 743 1762 -
768 1707 991 1800 φιλόπλουτος
1013 1737 1020 1778 :
1042 1713 1074 1779 J.
1108 1712 1149 1775 Τ.
1177 1713 1252 1777 411*

118 1824 153 1908 (ξ
183 1824 247 1901 83).
279 1859 312 1869 -
351 1814 550 1904 λιπόγαμος;
584 1822 628 1884 sic
665 1819 790 1884 Helena
821 1830 954 1884 vocatur
993 1820 1049 1886 Or.
1085 1821 1194 1887 1305*.
1216 1858 1252 1869 -

118 1926 296 2013 α’ρχέχορος
319 1953 326 1992 :
349 1928 467 1992 Troad.
501 1929 576 1994 151*
605 1924 711 2002 ποδός
732 1920 921 2012 ἀρχεχόρου.
945 1965 978 1975 -
1002 1923 1172 2004 ἑλέπτολις
1194 1952 1202 1993 :
1223 1928 1251 1996 d.

117 2039 156 2099 A.
193 2035 289 2100 1476*
318 2034 411 2118 ἄγετέ
441 2037 482 2115 με
503 2028 561 2099 τόν
582 2034 682 2101 ’Illae
703 2035 757 2101 καλ
790 2037 922 2121 Φρυγῶν
954 2031 1141 2119 illimatam
1164 2037 1202 2100 cf.
1224 2058 1251 2098 v.

118 2142 249 2231 [1511*].
271 2181 312 2192 —-
332 2143 391 2207 His
420 2144 596 2228 subjungo,
629 2142 714 2229 quod
736 2164 800 2207 non
821 2143 995 2207 mediocres
1016 2143 1092 2206 mihi
1126 2165 1252 2230 scmpu·

117 2253 163 2316 los
185 2251 293 2336 injecit
316 2244 498 2338 ψεόόορκος
515 2273 522 2313 :
537 2248 622 2314 Med.
637 2251 734 2316 1392*
757 2249 808 2326 τίς
832 2250 868 2314 δὲ
890 2242 979 2314 κλύει
1002 2251 1059 2314 σοῦ
1082 2246 1184 2325 θεὸς.
1201 2300 1207 2312 .
1223 2299 1251 2314 ..

115 2360 172 2424 τοῦ
192 2350 381 2444 φενόόρνου.
425 2357 489 2420 Diu
512 2358 657 2422 enim-de
678 2358 829 2422 nominali
854 2359 967 2445 prioris
988 2358 1120 2421 membri
1142 2369 1253 2423 natura

117 2466 273 2551 cogitavi3
298 2463 353 2528 sed
374 2487 446 2527 cum
463 2465 569 2550 justus
590 2465 634 2529 ita
654 2465 730 2528 mibi
759 2486 820 2528 non
844 2476 986 2528 oreretur
1001 2486 1122 2548 sensus,
1146 2465 1185 2529 ad
1202 2487 1252 2528 ex-

115 2583 251 2636 tremum
286 2594 322 2635 eo
346 2572 515 2657 perductus
548 2594 633 2654 sum,
663 2582 698 2641 ut
719 2572 880 2637 verbalem
904 2573 1034 2656 stirpem
1057 2571 1101 2634 illi
1123 2573 1252 2636 subesse

118 2679 277 2743 crederem
303 2688 525 2766 verteremque
548 2703 555 2742 :
577 2680 727 2744 mentibus
755 2681 788 2744 ι’νι
807 2682 881 2766 jore
899 2678 1065 2766 jurando,
1092 2681 1253 2766 perjurus.

116 2786 224 2851 Habet
252 2788 347 2872 igitur
375 2808 439 2850 non
461 2787 590 2873 objecti,
611 2787 669 2854 sed
691 2787 851 2857 relationis
879 2788 931 2873 qui
967 2796 1095 2851 vocatur
1128 2810 1251 2852 accusa-

117 2897 173 2958 tivi
206 2894 467 2979 significationem
507 2895 683 2958 membrum
716 2895 934 2981 pedisequum.
987 2893 1051 2958 Sed
1082 2895 1252 2981 simplicius

114 3024 239 3089 quoque
271 3013 397 3068 vertere
427 3003 573 3087 poteris:
608 3003 667 3068 den
700 3003 768 3068 Eril
796 3003 921 3090 λόγιπιλ.
944 3040 986 3050 -
1008 3001 1161 3069 Extremo
1183 3004 1252 3068 loco

113 3111 240 3173 nomino
261 3101 441 3192 μιαιφόνος,
464 3109 552 3194 cujus
572 3111 604 3174 in
627 3111 839 3197 explicatione
861 3132 962 3196 usque
983 3108 1024 3174 ad
1045 3109 1106 3173 hoo
1128 3121 1252 3198 tempus

115 3216 231 3282 frustra
253 3216 458 3280 elaborabant
478 3216 537 3280 viri
561 3217 652 3279 docti.
678 3217 870 3303 Nupcrrime
892 3217 1019 3281 tandem
1036 3214 1165 3282 Curtius
1187 3241 1251 3282 rec·

115 3333 180 3389 tem
202 3325 284 3391 viam
308 3344 345 3386 eo
367 3331 415 3385 est
437 3323 598 3407 ingressus
609 3373 619 3405 ‚
652 3324 737 3409 quod
760 3324 896 3411 priorem
919 3323 1046 3410 epitheti
1067 3335 1191 3410 partem
1213 3325 1252 3389 sd

101 3432 246 3499 .verbum
277 3428 555 3516 quoddammodo
582 3430 684 3494 redire
702 3429 858 3516 judicavit
871 3431 898 3516 ⁹)
921 3433 975 3517 (cf.
998 3435 1018 3513 ὅ
1040 3434 1069 3515 8,
1089 3432 1110 3497 6
1131 3455 1165 3518 p.
1187 3433 1250 3518 32).

112 3536 291 3607 Constituto
324 3537 419 3622 igitur
451 3536 626 3622 veriloquio
652 3538 721 3622 jam
752 3537 792 3605 de
813 3540 883 3623 ipsa
912 3536 1143 3622 significatione
1166 3541 1251 3604 vocis

112 3645 281 3729 quaeritur,
305 3643 344 3708 de
367 3666 431 3730 qua
453 3647 485 3715 ni
507 3644 601 3708 fallor
621 3643 782 3730 hueusque
817 3645 946 3731 quidem
967 3646 1071 3710 minus
1093 3668 1190 3731 quam
1212 3649 1250 3712 de

112 3751 298 3815 formatione
319 3751 379 3814 viri
401 3753 486 3815 docti
508 3752 693 3835 cogitarunt.
729 3751 837 3829 Quare
862 3753 1009 3839 equidem
1030 3754 1125 3818 caede
1146 3768 1250 3820 conto-

182 4074 202 4140 ¹)
223 4078 414 4130 Heimsoetbius
431 4073 646 4157 ηιριοοόγιοχθω
665 4080 741 4130 scribi
756 4081 846 4146 jubet3
868 4079 926 4130 aliis
943 4081 1041 4146 placuit
1058 4086 1247 4160 ηλγσιμιχιλοι.

184 4169 206 4235 ²)
223 4171 263 4223 De
292 4187 356 4223 voce
385 4169 523 4249 μιαιφόνος
553 4189 619 4239 quae
638 4179 714 4224 antea
741 4172 790 4222 viri
820 4173 888 4223 docti
917 4174 1044 4226 senserint
1073 4174 1208 4243 diligenter
1233 4191 1248 4226 a

115 4255 240 4306 Clemmio
259 4264 381 4324 congesta
398 4260 523 4324 invenies,
542 4260 574 4315 de
592 4275 675 4324 comp·
693 4260 735 4310 Gr.
753 4273 810 4324 squ
828 4273 853 4324 p.
873 4264 904 4309 14
921 4265 972 4311 aot.
992 4263 1031 4311 38.
