2738 4830
576 431 796 493 ..145-

116 605 261 674 Similem
289 609 320 672 in
353 609 481 673 modum
510 600 604 688 νόμος
633 632 762 674 menum
795 609 888 674 hehet
910 609 1004 674 Pind.
1036 612 1097 697 frg.
1129 613 1189 676 ine.
1210 614 1250 678 48

113 707 212 797 νόμος
231 711 249 781 d
264 707 393 781 πάντων
405 711 564 798 βασιλεῦς
584 717 711 782 θνατῶν
726 738 762 781 τε
777 716 831 782 καὶ
847 706 1020 783 ἀθανάτων
1034 711 1105 803 ἄγει
1125 719 1255 784 δικαιῶν

111 820 152 888 sd
173 817 361 906 βιαιότατον
381 813 552 911 ὐπερτᾶτᾳ
571 823 658 910 χειρί
669 849 677 910 3
700 825 828 890 brevius
844 835 949 891 eutem
965 849 1024 892 nee
1044 829 1147 891 miuus
1169 836 1253 892 certe

111 933 243 1017 poetice
264 932 347 996 idem
369 933 528 998 Pindarus
551 934 627 999 dicit
647 925 848 1019 μαλκόχειρα
867 932 963 1015 νόμον
984 934 1092 1020 (Nem.
1114 933 1166 1001 III
1187 936 1252 1020 55).

198 1062 260 1127 His
281 1065 417 1151 probare
439 1066 585 1130 volebam
619 1067 721 1152 poetis
754 1065 887 1132 Graecis
920 1089 985 1131 non
1022 1075 1088 1131 toto
1124 1089 1251 1153 semper

109 1169 279 1235 enuntiato
327 1172 378 1237 vel
420 1174 544 1261 phrasi,
590 1174 646 1238 sed
688 1173 786 1238 multo
828 1175 931 1260 aptius
981 1196 1076 1262 saepe
1119 1174 1252 1259 singulis

110 1276 265 1364 epithetis
284 1285 435 1365 tanquam
455 1301 608 1366 personas
629 1300 679 1343 res
702 1280 799 1344 oculis
822 1278 966 1344 subicere
986 1279 1120 1345 licuisse.

198 1407 484 1478 Persenificstionis
506 1411 650 1497 exempla
671 1432 726 1474 cur
741 1418 853 1497 quarto
868 1411 969 1497 eapite
984 1433 1040 1496 por
1061 1432 1095 1474 se
1117 1419 1251 1487 tractare

110 1537 175 1580 nec
206 1516 306 1580 tribus
339 1518 458 1604 potius,
490 1539 572 1603 quse
598 1518 666 1603 jem
689 1518 895 1600 antecedunt,
917 1519 1058 1582 inserere
1089 1518 1251 1602 voluerim,

110 1624 248 1709 quisque
290 1623 382 1688 facile
409 1646 426 1689 e
455 1626 516 1707 §2
547 1648 577 1711 p.
614 1627 652 1690 10
680 1625 849 1712 intelleget.
906 1627 1073 1706 Attamen,
1105 1648 1146 1690 ne
1175 1625 1251 1711 quid

114 1730 320 1814 desideretur,
342 1718 589 1819 unumquodque
612 1735 770 1819 epitheton
785 1742 889 1797 utrum
909 1734 1120 1801 necessarium
1149 1733 1251 1796 sitan

114 1836 340 1926 descriptivum
364 1861 403 1904 un
427 1862 551 1921 ornans,
573 1852 685 1927 postea
704 1843 833 1928 insuper
853 1839 1008 1905 indicabo.
1047 1840 1145 1919 ¹Nune
1166 1861 1250 1922 vere,

112 1945 297 2032 priusquam
319 1945 359 2011 ad
381 1947 520 2032 ipsorum
538 1949 753 2035 exemplorum
770 1949 1038 2013 enumerationem
1053 1948 1250 2030 accedamus,

113 2055 144 2116 in
166 2054 352 2118 universum
374 2053 414 2118 de
436 2055 721 2141 personificutionis
742 2065 855 2120 nature
875 2056 983 2142 paucis
1005 2077 1164 2141 exponere
1179 2055 1250 2142 ple-

114 2170 170 2226 cet.
215 2159 287 2239 Quo
316 2164 349 2226 in
378 2184 496 2248 genere
518 2164 651 2227 multum
673 2162 708 2231 Ο.
733 2161 769 2230 Ο.
791 2163 956 2248 Hense01)
980 2161 1100 2245 debeo,
1123 2163 1177 2248 qui
1198 2164 1248 2225 m'e

115 2269 209 2333 ducet
230 2267 345 2356 duplici
368 2271 489 2334 ratione
511 2292 674 2357 posceres
696 2294 753 2357 pro
780 2271 923 2357 personis
945 2269 1059 2334 induci.
1102 2269 1153 2335 De
1174 2291 1248 2357 qua·

113 2377 159 2440 vis
181 2378 265 2440 enim
287 2399 331 2462 re,
355 2379 504 2463 quoniam
526 2379 620 2443 homo
643 2402 660 2443 e
683 2377 805 2442 duabus
826 2378 944 2443 naturis
957 2385 1108 2459 constat,
1130 2376 1247 2462 aliquid

113 2483 289 2568 praedicari
329 2483 403 2549 lieet
440 2495 494 2549 sut
538 2508 556 2548 a
591 2508 758 2572 corporee,
792 2496 846 2549 aut
881 2484 920 2549 ab
939 2484 1124 2571 ‚ingeniose
1167 2483 1248 2547 illius

111 2599 224 2655 natura
245 2593 423 2678 repetitum.
467 2592 531 2659 Sed
554 2593 638 2678 quod
660 2615 841 2679 corporeum
871 2591 935 2655 dixi
957 2604 1105 2655 naturam
1125 2591 1157 2653 id
1178 2599 1246 2653 tsn-

112 2719 206 2785 quam
228 2699 421 2786 amplissimo
444 2722 537 2764 sensu
570 2699 689 2765 dietum
718 2700 930 2785 intellegas2).
955 2736 989 2746 -
1013 2699 1062 2762 Ac
1084 2697 1122 2761 de
1144 2697 1247 2784 priore

111 2805 240 2890 quidem
260 2806 542 2893 personifiostionis
564 2829 679 2895 genere
701 2810 804 2894 ipsum
827 2829 917 2871 suum
938 2807 1051 2870 librum
1073 2807 1122 2869 vir
1136 2804 1246 2868 doctus

111 2933 181 2976 esse
202 2912 319 2997 voluit3
341 2915 372 2977 in
389 2914 526 2998 alte1·0³)
550 2925 670 2994 contra,
693 2914 777 3001 quod
795 2936 869 2979 mox
889 2922 1096 2978 tractaturum
1119 2933 1153 2975 se
1175 2934 1244 2977 esse

179 3285 200 3352 ²)
216 3286 352 3337 Poetisehe
363 3287 574 3339 Psrsonificution
585 3288 611 3338 iu
630 3289 727 3356 grisch.
741 3289 915 3356 Dichtungen‚
934 3289 981 3339 mit
993 3286 1244 3354 Beriicksichtigung

106 3372 152 3423 ut
170 3371 278 3423 Dichter
297 3374 349 3422 uud
369 3373 533 3440 Shukspero’s
552 3375 627 3426 Helle
646 3375 726 3426 1868.

176 3461 198 3531 ¹)
217 3465 274 3526 Quo
303 3465 330 3515 in
351 3482 444 3532 genere
464 3467 560 3517 Heusei
578 3469 655 3518 verbu
681 3472 796 3519 conferes
817 3485 823 3517 ε
845 3469 890 3519 Die
910 3466 1133 3534 Menschenpestolt
1149 3465 1245 3534 pelonyt

106 3552 194 3616 serres·
209 3567 240 3602 us
257 3550 392 3604 tieletum
410 3552 598 3606 lsdiuuuatuet
616 3555 695 3606 durch
712 3554 849 3622 Kleidunp,
878 3552 1016 3615 Schmoch,
1042 3550 1174 3618 Wohnuny
1191 3551 1244 3604 und

107 3636 278 3704 derp‘leielree5
309 3637 417 3707 Woffen,
445 3640 551 3692 etrusc
568 3641 620 3692 uad
638 3641 772 3710 derarts'pes
798 3641 904 3692 erhohen
932 3640 972 3690 die
992 3637 1183 3707 Eiqersurtiyteit
1202 3637 1245 3688 der

105 3722 288 3792 &ceddum-
308 3753 339 3779 -,
359 3727 406 3777 Die
436 3727 603 3779 mastiche
623 3729 718 3779 Gemoll
744 3730 776 3780 ist
793 3746 819 3780 ee
837 3729 922 3790 auch,
948 3726 1038 3780 welche
1064 3739 1115 3774 uon
1132 3722 1176 3772 der
1196 3723 1244 3772 Bc-

106 3810 246 3881 uiehusup
266 3811 347 3863 durch
373 3808 453 3880 deris
471 3812 523 3865 und
538 3814 577 3866 die
595 3812 751 3883 Bsflrtpeluup
769 3832 815 3867 sur
840 3815 1009 3880 Amchuuouq
1025 3808 1145 3880 petracht
1172 3809 1242 3870 wod,

107 3897 124 3947 l.
142 3911 165 3947 e
184 3898 290 3962 praefat
307 3913 331 3964 p.
350 3899 381 3950 V.

175 4007 198 4076 ⁸)
216 4008 247 4058 In
264 4009 314 4060 hoe
332 4010 393 4075 quid
410 4011 590 4076 praestandum
610 4009 658 4059 sihi
676 4009 715 4060 vir
733 4010 823 4060 doetus
841 4009 1014 4075 proposuerit,
1039 4026 1072 4060 ox
1089 4008 1171 4075 ipsius
1188 4025 1241 4059 vor·

107 4092 147 4144 his
172 4094 280 4161 colliges
307 4094 396 4160 (preci.
415 4112 439 4161 p.
458 4097 505 4162 VI)
525 4114 531 4145 ι
550 4096 596 4147 ou
624 4098 707 4165 sueite
726 4096 825 4163 Gruppe
849 4096 903 4146 und
920 4096 964 4146 der
980 4097 1064 4147 ssueite
1084 4096 1151 4146 Thell
1167 4096 1245 4147 dieser

107 4180 204 4246 &krist
228 4181 293 4233 utrd
320 4182 366 4234 dos
396 4182 478 4233 Getice
502 4183 546 4234 der
580 4183 735 4250 Wersdurpen
763 4183 817 4234 und
849 4182 945 4234 Wo'rter
974 4182 1128 4247 seuseu,
1152 4182 1244 4234 welche

108 4267 371 4320 emeatus„
388 4268 541 4329 deuictum,
566 4269 732 4324 meneclsliohe
752 4270 926 4336 Geunnuryen
942 4271 995 4320 und
1012 4269 1170 4320 Seelenleheu
1186 4269 1244 4321 oder

1005 4354 1045 4416 10
