2738 4830
573 426 795 492 402..

115 609 231 695 pendio
264 618 396 673 mortem
429 606 487 674 sibi
523 609 699 674 adsciscere
720 609 832 673 melius
854 609 895 672 sit
916 630 956 671 an
979 605 1076 689 gladii
1106 604 1251 669 auxilio:

115 708 227 801 φόνιον
248 707 399 801 αἰώρημα
421 713 480 782 διό
493 716 586 803 δέρης
600 709 764 802 ὀρέξομαι,
784 712 806 802 η’
827 709 1018 803 ξιφοκτόνον
1040 712 1166 798 δόνημα
1187 711 1251 777 λαι-

81 870 83 876 ,
114 816 259 909 μορόνον
279 824 409 908 σφαγᾶς
424 820 638 908 αὐτοσίδαρον
648 820 710 892 ἔσω
723 818 857 889 πελάσω
879 819 934 889 daci
953 818 1073 906 σαρκός
1095 815 1253 902 duellam

116 932 176 1013 (sic
197 934 279 996 enirn
302 931 517 997 Kirchhoffius
540 955 581 997 ex
609 931 772 1020 aptissima
794 933 968 1015 Musgravii
993 931 1174 1014 conjectura
1196 950 1252 1014 pro

116 1039 230 1102 codicis
253 1032 376 1119 ἅμιλλα
398 1041 536 1126 scripsit)
560 1039 631 1104 Hel.
654 1039 742 1105 353*.
786 1038 1023 1124 Oonjungenda
1054 1047 1127 1100 sunt
1149 1031 1169 1123 ἢ
1190 1031 1252 1099 αὐ-

115 1142 284 1232 τοσίδαρον
305 1142 370 1213 ἔσω
382 1140 516 1212 πελάσω
539 1142 598 1213 διό
622 1145 741 1233 σαρκὸς
761 1138 909 1230 ἅμιλλαν,
931 1168 1014 1233 quae
1035 1145 1132 1209 verba
1156 1165 1252 1229 oppo-

116 1263 232 1319 nuntur
263 1253 520 1319 antecedentibus
553 1247 663 1338 φόνιον
694 1246 844 1341 αἰώρημα
876 1249 933 1319 διό
964 1253 1060 1339 δέρης
1078 1242 1252 1337 όρόξομαι;

117 1360 192 1424 dicit
220 1361 316 1446 igitur
337 1361 480 1439 Helena,
509 1371 545 1427 ut
565 1365 697 1427 verbum
718 1365 817 1429 verbo
839 1362 968 1426 reddam
992 1381 1003 1426 :
1024 1359 1251 1447 Saapas'nolea-

116 1481 180 1533 tion
207 1467 410 1555 suspendium
428 1492 487 1555 per
508 1472 640 1535 cervices
656 1472 841 1558 perripam,
873 1494 916 1533 aa
930 1469 1065 1556 proprii
1074 1468 1169 1556 ferri
1188 1490 1250 1531 cer-

117 1588 219 1640 tamen
254 1579 288 1662 (ἓ
308 1577 363 1656 82)
393 1577 479 1642 tatus
510 1578 782 1663 appropinquabo.
836 1576 928 1656 Quae
967 1575 1153 1662 interposita
1181 1583 1253 1637 sunt

116 1684 271 1748 vocabula
292 1676 478 1768 ξιφοκτόνον
499 1684 626 1768 δίωγμα
647 1676 845 1769 λαιμορόιον
865 1687 992 1767 σφαγᾶς
1013 1706 1084 1746 oum
1104 1681 1252 1765 Pflugkio

112 1814 187 1878 par
207 1793 494 1877 appositionis
505 1794 697 1879 fiparam
712 1791 820 1856 addita
835 1812 905 1855 esse
922 1791 1048 1876 judioo;
1070 1788 1127 1852 sed
1143 1790 1252 1852 horum

116 1898 257 1985 ipsorum
278 1919 389 1961 sensus
419 1921 483 1963 non
512 1900 595 1962 clare
616 1901 813 1985 perspicitur.
857 1898 895 1963 Id
918 1898 1018 1961 solum
1041 1906 1186 1961 constare
1209 1898 1251 1959 vi-

118 2004 218 2085 detur,
241 1997 426 2088 ξιφοκτόνον
441 2003 573 2091 όὶωγμα
593 2008 825 2071 insectationem
839 2029 903 2070 ease
914 2005 1026 2094 plodio
1035 2005 1252 2091 parapandam

120 2111 309 2200 (Verfolpea
339 2114 396 2176 mit
418 2111 487 2176 dora
507 2112 692 2198 Sobwerte)3
725 2113 890 2177 haeremus
911 2123 1017 2177 autem
1038 2113 1070 2176 in
1094 2100 1253 2197 λαιμορό-

117 2240 172 2282 νον
193 2220 322 2304 σφαγᾶς
336 2221 417 2283 sicut
426 2220 457 2282 in
472 2218 566 2306 hujus
576 2241 647 2283 cum
660 2222 772 2284 ceteris
795 2220 899 2284 verbis
921 2220 1154 2305 conjunctione.
1189 2218 1250 2284 Ne-

116 2349 178 2414 que
200 2329 282 2391 enim
307 2327 382 2413 quid
405 2328 517 2392 caedes
539 2330 579 2390 sit
599 2350 617 2390 e
638 2325 719 2413 gula
734 2328 893 2415 profluens
914 2349 1018 2414 neque
1051 2327 1126 2414 quid
1148 2327 1252 2392 caedis

117 2457 134 2497 e
166 2435 241 2520 gula
273 2435 456 2522 profluentis
488 2436 651 2499 insectatio
673 2435 779 2519 gladio
808 2433 1011 2521 peragenda,
1043 2434 1248 2520 intellegitur.

116 2539 225 2619 Quare
246 2564 309 2606 non
331 2543 440 2629 inepte'
470 2553 505 2606 ut
537 2543 661 2607 videtur
682 2542 880 2627 Hartungius
902 2532 1081 2628 αἱμορόνοο
1101 2564 1159 2629 pro
1180 2541 1252 2606 λαι-

114 2641 257 2735 μορότον
279 2650 479 2717 soribendum
501 2653 667 2738 proposuit
680 2651 715 2733 ¹),
739 2672 801 2737 quo
816 2662 944 2738 recepto
959 2643 1138 2734 αἱμορόνον
1160 2673 1252 2736 σφα-

114 2747 173 2839 γᾶς
201 2780 259 2842 per
291 2758 419 2822 alterius
463 2760 597 2824 membri
636 2758 862 2823 abundantiam
897 2759 952 2843 (cf.
982 2758 1128 2844 exempla
1162 2762 1182 2839 ξ
1214 2759 1253 2824 83

115 2887 145 2951 p.
171 2866 229 2929 197
251 2869 448 2948 enumerata)
477 2889 535 2953 pro
568 2861 706 2947 αἳματος
733 2867 861 2953 σφαγᾶς
889 2866 1004 2930 dictum
1028 2876 1090 2948 est,
1113 2865 1253 2951 nihilque

116 2973 176 3035 nisi
197 2974 363 3061 aaapua'ot'e
385 2975 545 3038 notionem
568 2974 726 3058 significat
739 2973 881 3060 pluribus
903 2974 1008 3054 verbis
1022 2971 1134 3037 eodem
1157 2974 1252 3036 modo

117 3090 318 3166 expressam,
350 3103 412 3166 quo
448 3082 563 3145 Aesch.
585 3081 654 3167 Ag.
678 3083 758 3146 1388
789 3079 954 3167 ἐκφοσιιιῖν
974 3071 1085 3161 όξεῖαν
1116 3076 1253 3161 αἵματος

116 3179 250 3274 σφαγήν.
294 3186 389 3264 Quod
411 3190 437 3251 si
459 3189 643 3253 conceditur
666 3190 807 3270 alterum,
831 3211 924 3275 quern
947 3188 1073 3270 indicat,
1097 3188 1252 3253 moriendi

115 3294 245 3359 modum
268 3296 390 3360 Helena
410 3297 548 3383 appellat
569 3297 733 3380 sanguinis
753 3298 992 3361 insectationem
1028 3296 1133 3381 gladio
1156 3319 1252 3383 pera·

116 3402 254 3487 gandam
286 3425 421 3491 eumque
442 3405 601 3491 aptissime
622 3404 721 3491 priori
741 3406 891 3492 opponit3
924 3414 1023 3468 semet
1044 3406 1130 3483 enim
1151 3405 1253 3489 ipsam

117 3510 143 3574 si
164 3509 337 3598 suspendit,
359 3512 464 3576 nullus
484 3512 613 3597 sanguis
634 3511 846 3598 profunditur.

198 3635 351 3721 Epitheta
372 3636 615 3722 praepositionis
636 3659 707 3701 cum
730 3659 803 3702 casu
819 3635 991 3724 pedisequo
1015 3659 1142 3723 sensum
1162 3659 1253 3724 prae·

116 3751 203 3808 terea
224 3742 342 3807 habent
363 3742 448 3807 hisce
469 3744 545 3808 locis
567 3764 579 3813 .·
598 3743 678 3808 Ηοα.
693 3744 773 3810 916*
788 3736 959 3829 χοροποιὸν
978 3739 1101 3808 θυσίαν
1121 3734 1254 3820 παύσας

116 3851 138 3915 t
160 3873 186 3915 e.
207 3850 357 3915 όιιόοοονο
374 3850 413 3915 dc
432 3851 535 3915 οαονίο
555 3853 590 3916 ν’νι
612 3851 766 3916 docendis
786 3851 905 3916 ebarcis
925 3851 1067 3935 usitata,
1097 3874 1160 3938 quo
1182 3853 1252 3916 looo

114 3958 257 4023 nonnulli
278 3959 337 4023 viri
359 3959 443 4023 docti
464 3982 494 4023 v.
509 3960 528 4022 l.
551 3951 725 4047 χαροντοιόν
746 3968 949 4048 receperunt3
974 3996 1008 4006 -
1034 3959 1156 4024 Phoen.
1172 3960 1252 4026 668*

189 4287 208 4359 ¹)
227 4287 321 4342 Hiatus
339 4288 398 4340 novi
417 4302 506 4339 versus
523 4286 596 4339 initio
615 4295 770 4350 excusatum
788 4289 820 4339 cs.
839 4307 863 4340 v.
884 4293 941 4339 342.
