<?xml version="1.0" encoding="UTF-8"?>
<!DOCTYPE html PUBLIC "-//W3C//DTD XHTML 1.0 Transitional//EN"
    "http://www.w3.org/TR/xhtml1/DTD/xhtml1-transitional.dtd">
<html xmlns="http://www.w3.org/1999/xhtml" xml:lang="en" lang="en">
 <head>
  <title>
</title>
<meta http-equiv="Content-Type" content="text/html;charset=utf-8" />
  <meta name='ocr-system' content='tesseract 3.04.00' />
  <meta name='ocr-capabilities' content='ocr_page ocr_carea ocr_par ocr_line ocrx_word'/>
</head>
<body>
  <div class='ocr_page' id='page_1' title='image "./deepithetorumco00roemgoog_0184.png"; bbox 0 0 2738 4830; ppageno 0'>
   <div class='ocr_carea' id='block_1_1' title="bbox 506 457 727 522">
    <p class='ocr_par' dir='ltr' id='par_1_1' title="bbox 506 457 727 522">
     <span class='ocr_line' id='line_1_1' title="bbox 506 457 727 522; baseline 0 -1"><span class='ocrx_word' id='word_1_1' title='bbox 506 457 727 522; x_wconf 74' lang='lat'>-1-61-</span> 
     </span>
    </p>
   </div>
   <div class='ocr_carea' id='block_1_2' title="bbox 83 638 1193 2333">
    <p class='ocr_par' dir='ltr' id='par_1_2' title="bbox 84 638 1193 1154">
     <span class='ocr_line' id='line_1_2' title="bbox 84 638 1192 727; baseline 0 -23"><span class='ocrx_word' id='word_1_2' title='bbox 84 662 124 704; x_wconf 88' lang='lat' dir='ltr'>un</span> <span class='ocrx_word' id='word_1_3' title='bbox 172 661 246 703; x_wconf 91' lang='lat' dir='ltr'>casu</span> <span class='ocrx_word' id='word_1_4' title='bbox 282 638 456 726; x_wconf 88' lang='lat' dir='ltr'>pedisequo</span> <span class='ocrx_word' id='word_1_5' title='bbox 503 660 561 727; x_wconf 92' lang='lat' dir='ltr'>per</span> <span class='ocrx_word' id='word_1_6' title='bbox 602 640 714 704; x_wconf 91' lang='lat' dir='ltr'>miram</span> <span class='ocrx_word' id='word_1_7' title='bbox 769 638 1052 725; x_wconf 78' lang='lat' dir='ltr'>breviloquentiam</span> <span class='ocrx_word' id='word_1_8' title='bbox 1095 661 1192 704; x_wconf 90' lang='lat' dir='ltr'>unum</span> 
     </span>
     <span class='ocr_line' id='line_1_3' title="bbox 84 745 1193 834; baseline 0.001 -25"><span class='ocrx_word' id='word_1_9' title='bbox 84 756 222 833; x_wconf 68' lang='lat' dir='ltr'>turpatur</span> <span class='ocrx_word' id='word_1_10' title='bbox 244 746 414 834; x_wconf 80' lang='lat' dir='ltr'>epitheton.</span> <span class='ocrx_word' id='word_1_11' title='bbox 438 745 529 810; x_wconf 86' lang='lat' dir='ltr'>Haec</span> <span class='ocrx_word' id='word_1_12' title='bbox 543 748 632 810; x_wconf 87' lang='lat' dir='ltr'>varia</span> <span class='ocrx_word' id='word_1_13' title='bbox 644 755 718 811; x_wconf 89' lang='lat' dir='ltr'>sunt</span> <span class='ocrx_word' id='word_1_14' title='bbox 732 768 861 832; x_wconf 89' lang='lat' dir='ltr'>genera,</span> <span class='ocrx_word' id='word_1_15' title='bbox 876 746 992 831; x_wconf 86' lang='lat' dir='ltr'>quibus</span> <span class='ocrx_word' id='word_1_16' title='bbox 1007 745 1193 810; x_wconf 88' lang='lat' dir='ltr'>artificiosus</span> 
     </span>
     <span class='ocr_line' id='line_1_4' title="bbox 84 852 1192 942; baseline 0 -24"><span class='ocrx_word' id='word_1_17' title='bbox 84 876 100 918; x_wconf 90' lang='lat' dir='ltr'>e</span> <span class='ocrx_word' id='word_1_18' title='bbox 123 854 332 942; x_wconf 88' lang='lat' dir='ltr'>epithetorum</span> <span class='ocrx_word' id='word_1_19' title='bbox 348 875 424 917; x_wconf 89' lang='lat' dir='ltr'>usus</span> <span class='ocrx_word' id='word_1_20' title='bbox 439 854 524 939; x_wconf 92' lang='lat' dir='ltr'>apud</span> <span class='ocrx_word' id='word_1_21' title='bbox 538 853 726 940; x_wconf 85' lang='lat' dir='ltr'>Euripidem</span> <span class='ocrx_word' id='word_1_22' title='bbox 740 855 928 936; x_wconf 82' lang='lat' dir='ltr'>illustratur3</span> <span class='ocrx_word' id='word_1_23' title='bbox 950 875 1009 917; x_wconf 91' lang='lat' dir='ltr'>nec</span> <span class='ocrx_word' id='word_1_24' title='bbox 1023 852 1073 916; x_wconf 90' lang='lat' dir='ltr'>hic</span> <span class='ocrx_word' id='word_1_25' title='bbox 1086 862 1192 918; x_wconf 86' lang='lat' dir='ltr'>tamen</span> 
     </span>
     <span class='ocr_line' id='line_1_5' title="bbox 84 961 1192 1049; baseline 0 -25"><span class='ocrx_word' id='word_1_26' title='bbox 84 962 170 1025; x_wconf 90' lang='lat' dir='ltr'>imus</span> <span class='ocrx_word' id='word_1_27' title='bbox 190 962 260 1045; x_wconf 80' lang='lat' dir='ltr'>fuit,</span> <span class='ocrx_word' id='word_1_28' title='bbox 283 963 338 1049; x_wconf 89' lang='lat' dir='ltr'>qui</span> <span class='ocrx_word' id='word_1_29' title='bbox 360 961 413 1025; x_wconf 92' lang='lat' dir='ltr'>illa</span> <span class='ocrx_word' id='word_1_30' title='bbox 434 963 577 1045; x_wconf 88' lang='lat' dir='ltr'>invenit,</span> <span class='ocrx_word' id='word_1_31' title='bbox 602 962 658 1026; x_wconf 93' lang='lat' dir='ltr'>sed</span> <span class='ocrx_word' id='word_1_32' title='bbox 681 963 775 1026; x_wconf 90' lang='lat' dir='ltr'>etiam</span> <span class='ocrx_word' id='word_1_33' title='bbox 800 961 974 1049; x_wconf 85' lang='lat' dir='ltr'>Sophocles</span> <span class='ocrx_word' id='word_1_34' title='bbox 996 971 1028 1024; x_wconf 88' lang='lat' dir='ltr'>ot</span> <span class='ocrx_word' id='word_1_35' title='bbox 1049 961 1192 1047; x_wconf 87' lang='lat' dir='ltr'>Aeschy-</span> 
     </span>
     <span class='ocr_line' id='line_1_6' title="bbox 84 1068 1192 1154; baseline 0.004 -22"><span class='ocrx_word' id='word_1_36' title='bbox 84 1091 94 1132; x_wconf 70' lang='grc' dir='ltr'><strong>ι</strong></span> <span class='ocrx_word' id='word_1_37' title='bbox 112 1069 179 1154; x_wconf 89' lang='lat' dir='ltr'>jam</span> <span class='ocrx_word' id='word_1_38' title='bbox 203 1077 297 1133; x_wconf 89' lang='lat' dir='ltr'>antea</span> <span class='ocrx_word' id='word_1_39' title='bbox 318 1090 383 1133; x_wconf 92' lang='lat' dir='ltr'>non</span> <span class='ocrx_word' id='word_1_40' title='bbox 404 1068 522 1134; x_wconf 86' lang='lat' dir='ltr'>frustra</span> <span class='ocrx_word' id='word_1_41' title='bbox 543 1070 576 1133; x_wconf 91' lang='lat' dir='ltr'>in</span> <span class='ocrx_word' id='word_1_42' title='bbox 592 1071 637 1134; x_wconf 89' lang='lat' dir='ltr'>eis</span> <span class='ocrx_word' id='word_1_43' title='bbox 653 1071 904 1134; x_wconf 84' lang='lat' dir='ltr'>elaboraverunt</span> <span class='ocrx_word' id='word_1_44' title='bbox 936 1069 1089 1134; x_wconf 85' lang='lat' dir='ltr'>Attamen</span> <span class='ocrx_word' id='word_1_45' title='bbox 1112 1071 1192 1136; x_wconf 88' lang='lat' dir='ltr'>alius</span> 
     </span>
    </p>

    <p class='ocr_par' dir='ltr' id='par_1_3' title="bbox 83 1175 1191 2333">
     <span class='ocr_line' id='line_1_7' title="bbox 112 1175 1190 1264; baseline 0.003 -25"><span class='ocrx_word' id='word_1_46' title='bbox 112 1175 174 1239; x_wconf 92' lang='lat' dir='ltr'>alio</span> <span class='ocrx_word' id='word_1_47' title='bbox 202 1197 320 1261; x_wconf 86' lang='lat' dir='ltr'>genere</span> <span class='ocrx_word' id='word_1_48' title='bbox 352 1178 454 1262; x_wconf 90' lang='lat' dir='ltr'>magis</span> <span class='ocrx_word' id='word_1_49' title='bbox 475 1176 601 1241; x_wconf 88' lang='lat' dir='ltr'>videtur</span> <span class='ocrx_word' id='word_1_50' title='bbox 621 1176 797 1242; x_wconf 89' lang='lat' dir='ltr'>delectatus</span> <span class='ocrx_word' id='word_1_51' title='bbox 822 1198 910 1258; x_wconf 88' lang='lat' dir='ltr'>esse;</span> <span class='ocrx_word' id='word_1_52' title='bbox 943 1178 1006 1261; x_wconf 85' lang='lat' dir='ltr'>sic,</span> <span class='ocrx_word' id='word_1_53' title='bbox 1037 1186 1190 1264; x_wconf 89' lang='lat' dir='ltr'>quantum</span> 
     </span>
     <span class='ocr_line' id='line_1_8' title="bbox 84 1283 1191 1373; baseline 0.005 -27"><span class='ocrx_word' id='word_1_54' title='bbox 84 1283 176 1347; x_wconf 70' lang='lat' dir='ltr'>[idem</span> <span class='ocrx_word' id='word_1_55' title='bbox 206 1283 319 1349; x_wconf 86' lang='lat' dir='ltr'>eJoh.</span> <span class='ocrx_word' id='word_1_56' title='bbox 343 1283 510 1349; x_wconf 86' lang='lat' dir='ltr'>Schmidtii</span> <span class='ocrx_word' id='word_1_57' title='bbox 533 1284 757 1349; x_wconf 78' lang='lat' dir='ltr'>dissertatione</span> <span class='ocrx_word' id='word_1_58' title='bbox 778 1285 964 1368; x_wconf 85' lang='lat' dir='ltr'>intellegere</span> <span class='ocrx_word' id='word_1_59' title='bbox 986 1285 1082 1369; x_wconf 81' lang='lat' dir='ltr'>licuit,</span> <span class='ocrx_word' id='word_1_60' title='bbox 1112 1309 1191 1373; x_wconf 89' lang='lat' dir='ltr'>prae</span> 
     </span>
     <span class='ocr_line' id='line_1_9' title="bbox 84 1384 1189 1479; baseline 0.003 -24"><span class='ocrx_word' id='word_1_61' title='bbox 84 1384 161 1455; x_wconf 90' lang='lat' dir='ltr'>teris</span> <span class='ocrx_word' id='word_1_62' title='bbox 182 1390 353 1478; x_wconf 83' lang='lat' dir='ltr'>Euripides</span> <span class='ocrx_word' id='word_1_63' title='bbox 383 1393 416 1456; x_wconf 91' lang='lat' dir='ltr'>in</span> <span class='ocrx_word' id='word_1_64' title='bbox 447 1391 642 1456; x_wconf 90' lang='lat' dir='ltr'>abundantia</span> <span class='ocrx_word' id='word_1_65' title='bbox 662 1401 694 1456; x_wconf 91' lang='lat' dir='ltr'>et</span> <span class='ocrx_word' id='word_1_66' title='bbox 714 1391 845 1479; x_wconf 88' lang='lat' dir='ltr'>epitheti</span> <span class='ocrx_word' id='word_1_67' title='bbox 875 1414 934 1478; x_wconf 93' lang='lat' dir='ltr'>pro</span> <span class='ocrx_word' id='word_1_68' title='bbox 956 1393 1106 1478; x_wconf 74' lang='lat' dir='ltr'>genetiuo</span> <span class='ocrx_word' id='word_1_69' title='bbox 1128 1400 1189 1458; x_wconf 74' lang='lat' dir='ltr'>usu</span> 
     </span>
     <span class='ocr_line' id='line_1_10' title="bbox 84 1496 1190 1586; baseline 0.002 -24"><span class='ocrx_word' id='word_1_70' title='bbox 84 1499 255 1562; x_wconf 90' lang='lat' dir='ltr'>eberrimus</span> <span class='ocrx_word' id='word_1_71' title='bbox 277 1498 344 1565; x_wconf 86' lang='lat' dir='ltr'>fuit.</span> <span class='ocrx_word' id='word_1_72' title='bbox 388 1497 454 1563; x_wconf 85' lang='lat' dir='ltr'>Sed</span> <span class='ocrx_word' id='word_1_73' title='bbox 477 1520 517 1561; x_wconf 90' lang='lat' dir='ltr'>ne</span> <span class='ocrx_word' id='word_1_74' title='bbox 540 1498 701 1583; x_wconf 85' lang='lat' dir='ltr'>Aeschylo</span> <span class='ocrx_word' id='word_1_75' title='bbox 723 1497 850 1585; x_wconf 89' lang='lat' dir='ltr'>quidem</span> <span class='ocrx_word' id='word_1_76' title='bbox 872 1509 906 1564; x_wconf 89' lang='lat' dir='ltr'>et</span> <span class='ocrx_word' id='word_1_77' title='bbox 928 1496 1078 1586; x_wconf 79' lang='lat' dir='ltr'>Sophocli</span> <span class='ocrx_word' id='word_1_78' title='bbox 1101 1499 1190 1565; x_wconf 85' lang='lat' dir='ltr'>defu-</span> 
     </span>
     <span class='ocr_line' id='line_1_11' title="bbox 83 1605 1190 1693; baseline 0.001 -23"><span class='ocrx_word' id='word_1_79' title='bbox 83 1617 159 1687; x_wconf 85' lang='lat' dir='ltr'>uut,</span> <span class='ocrx_word' id='word_1_80' title='bbox 192 1627 326 1693; x_wconf 89' lang='lat' dir='ltr'>quorum</span> <span class='ocrx_word' id='word_1_81' title='bbox 349 1605 390 1670; x_wconf 90' lang='lat' dir='ltr'>ad</span> <span class='ocrx_word' id='word_1_82' title='bbox 423 1606 604 1692; x_wconf 87' lang='lat' dir='ltr'>exemplum</span> <span class='ocrx_word' id='word_1_83' title='bbox 635 1605 688 1669; x_wconf 92' lang='lat' dir='ltr'>ille</span> <span class='ocrx_word' id='word_1_84' title='bbox 719 1627 777 1670; x_wconf 86' lang='lat' dir='ltr'>sua</span> <span class='ocrx_word' id='word_1_85' title='bbox 806 1615 1024 1692; x_wconf 77' lang='lat' dir='ltr'>componeret3</span> <span class='ocrx_word' id='word_1_86' title='bbox 1059 1629 1123 1693; x_wconf 91' lang='lat' dir='ltr'>quo</span> <span class='ocrx_word' id='word_1_87' title='bbox 1157 1609 1190 1671; x_wconf 92' lang='lat' dir='ltr'>in</span> 
     </span>
     <span class='ocr_line' id='line_1_12' title="bbox 84 1703 1187 1799; baseline 0.003 -24"><span class='ocrx_word' id='word_1_88' title='bbox 84 1735 166 1777; x_wconf 85' lang='lat' dir='ltr'>mere</span> <span class='ocrx_word' id='word_1_89' title='bbox 187 1712 228 1776; x_wconf 86' lang='lat' dir='ltr'>cf.</span> <span class='ocrx_word' id='word_1_90' title='bbox 250 1712 345 1777; x_wconf 83' lang='lat' dir='ltr'>Hom.</span> <span class='ocrx_word' id='word_1_91' title='bbox 369 1715 403 1776; x_wconf 89' lang='lat' dir='ltr'>P.</span> <span class='ocrx_word' id='word_1_92' title='bbox 432 1714 490 1778; x_wconf 84' lang='lat'>156</span> <span class='ocrx_word' id='word_1_93' title='bbox 513 1707 543 1776; x_wconf 82' lang='lat' dir='ltr'>el</span> <span class='ocrx_word' id='word_1_94' title='bbox 564 1708 628 1795; x_wconf 73' lang='grc' dir='ltr'>γάρ</span> <span class='ocrx_word' id='word_1_95' title='bbox 649 1717 704 1775; x_wconf 77' lang='grc' dir='ltr'>νῦν</span> <span class='ocrx_word' id='word_1_96' title='bbox 726 1703 878 1798; x_wconf 76' lang='grc' dir='ltr'><strong><em>Τρώεσσι</em></strong></span> <span class='ocrx_word' id='word_1_97' title='bbox 899 1707 995 1793; x_wconf 75' lang='grc' dir='ltr'><strong><em>μένος</em></strong></span> <span class='ocrx_word' id='word_1_98' title='bbox 1017 1712 1187 1799; x_wconf 75' lang='grc' dir='ltr'><strong><em>πολυθαρ-</em></strong></span> 
     </span>
     <span class='ocr_line' id='line_1_13' title="bbox 83 1811 1189 1906; baseline 0.003 -23"><span class='ocrx_word' id='word_1_99' title='bbox 83 1842 101 1896; x_wconf 70' lang='lat' dir='ltr'>c</span> <span class='ocrx_word' id='word_1_100' title='bbox 136 1815 220 1904; x_wconf 81' lang='grc' dir='ltr'><strong><em>ἐνείη</em></strong></span> <span class='ocrx_word' id='word_1_101' title='bbox 249 1822 268 1883; x_wconf 90' lang='lat' dir='ltr'>i.</span> <span class='ocrx_word' id='word_1_102' title='bbox 305 1842 333 1884; x_wconf 91' lang='lat' dir='ltr'>e.</span> <span class='ocrx_word' id='word_1_103' title='bbox 365 1820 459 1899; x_wconf 75' lang='grc' dir='ltr'><strong><em>μένος</em></strong></span> <span class='ocrx_word' id='word_1_104' title='bbox 492 1811 582 1884; x_wconf 78' lang='lat' dir='ltr'>nolo&#39;</span> <span class='ocrx_word' id='word_1_105' title='bbox 594 1843 602 1901; x_wconf 82' lang='lat'><em>3</em></span> <span class='ocrx_word' id='word_1_106' title='bbox 638 1820 786 1885; x_wconf 88' lang='lat' dir='ltr'>Batrach.</span> <span class='ocrx_word' id='word_1_107' title='bbox 821 1821 880 1886; x_wconf 77' lang='lat'>195</span> <span class='ocrx_word' id='word_1_108' title='bbox 907 1819 1078 1900; x_wconf 77' lang='grc' dir='ltr'><strong><em>μυοκτόνον</em></strong></span> <span class='ocrx_word' id='word_1_109' title='bbox 1110 1817 1189 1906; x_wconf 74' lang='grc' dir='ltr'><em>τρό-</em></span> 
     </span>
     <span class='ocr_line' id='line_1_14' title="bbox 84 1921 1189 2018; baseline 0.001 -25"><span class='ocrx_word' id='word_1_110' title='bbox 84 1950 144 1993; x_wconf 80' lang='lat' dir='ltr'>rsov</span> <span class='ocrx_word' id='word_1_111' title='bbox 173 1929 193 1991; x_wconf 87' lang='lat' dir='ltr'>i.</span> <span class='ocrx_word' id='word_1_112' title='bbox 216 1950 244 1992; x_wconf 90' lang='lat' dir='ltr'>e.</span> <span class='ocrx_word' id='word_1_113' title='bbox 265 1925 349 2007; x_wconf 74' lang='grc' dir='ltr'><strong><em>μυός</em></strong></span> <span class='ocrx_word' id='word_1_114' title='bbox 370 1923 546 2004; x_wconf 63' lang='grc' dir='ltr'>καθέντος</span> <span class='ocrx_word' id='word_1_115' title='bbox 567 1922 744 2014; x_wconf 56' lang='lat' dir='ltr'>sudantem</span> <span class='ocrx_word' id='word_1_116' title='bbox 776 1929 856 1992; x_wconf 86' lang='lat' dir='ltr'>Hes.</span> <span class='ocrx_word' id='word_1_117' title='bbox 880 1929 942 2016; x_wconf 90' lang='lat' dir='ltr'>Op.</span> <span class='ocrx_word' id='word_1_118' title='bbox 964 1931 1025 1994; x_wconf 75' lang='lat'>502</span> <span class='ocrx_word' id='word_1_119' title='bbox 1046 1921 1189 2018; x_wconf 80' lang='grc' dir='ltr'><strong><em>βουδόρα</em></strong></span> 
     </span>
     <span class='ocr_line' id='line_1_15' title="bbox 84 2035 1188 2121; baseline 0.002 -21"><span class='ocrx_word' id='word_1_120' title='bbox 84 2059 158 2101; x_wconf 79' lang='lat' dir='ltr'>roro</span> <span class='ocrx_word' id='word_1_121' title='bbox 188 2037 209 2099; x_wconf 90' lang='lat' dir='ltr'>i.</span> <span class='ocrx_word' id='word_1_122' title='bbox 232 2057 259 2100; x_wconf 92' lang='lat' dir='ltr'>e.</span> <span class='ocrx_word' id='word_1_123' title='bbox 293 2035 361 2100; x_wconf 89' lang='lat' dir='ltr'>dies</span> <span class='ocrx_word' id='word_1_124' title='bbox 391 2036 507 2121; x_wconf 90' lang='lat' dir='ltr'>quibus</span> <span class='ocrx_word' id='word_1_125' title='bbox 534 2037 632 2099; x_wconf 87' lang='lat' dir='ltr'>boves</span> <span class='ocrx_word' id='word_1_126' title='bbox 664 2036 882 2100; x_wconf 88' lang='lat' dir='ltr'>absumuntur.</span> <span class='ocrx_word' id='word_1_127' title='bbox 935 2037 974 2100; x_wconf 94' lang='lat' dir='ltr'>In</span> <span class='ocrx_word' id='word_1_128' title='bbox 1005 2039 1188 2102; x_wconf 89' lang='lat' dir='ltr'>universum</span> 
     </span>
     <span class='ocr_line' id='line_1_16' title="bbox 84 2142 1189 2229; baseline 0.002 -21"><span class='ocrx_word' id='word_1_129' title='bbox 84 2153 152 2208; x_wconf 87' lang='lat' dir='ltr'>tem</span> <span class='ocrx_word' id='word_1_130' title='bbox 173 2145 228 2229; x_wconf 91' lang='lat' dir='ltr'>qui</span> <span class='ocrx_word' id='word_1_131' title='bbox 245 2144 385 2228; x_wconf 88' lang='lat' dir='ltr'>tragicos</span> <span class='ocrx_word' id='word_1_132' title='bbox 415 2142 540 2206; x_wconf 90' lang='lat' dir='ltr'>demum</span> <span class='ocrx_word' id='word_1_133' title='bbox 562 2142 767 2207; x_wconf 88' lang='lat' dir='ltr'>artificiosum</span> <span class='ocrx_word' id='word_1_134' title='bbox 789 2143 999 2229; x_wconf 91' lang='lat' dir='ltr'>epithetorum</span> <span class='ocrx_word' id='word_1_135' title='bbox 1021 2167 1112 2208; x_wconf 92' lang='lat' dir='ltr'>usum</span> <span class='ocrx_word' id='word_1_136' title='bbox 1134 2167 1189 2210; x_wconf 89' lang='lat' dir='ltr'>ex-</span> 
     </span>
     <span class='ocr_line' id='line_1_17' title="bbox 84 2250 906 2333; baseline 0 -19"><span class='ocrx_word' id='word_1_137' title='bbox 84 2251 180 2314; x_wconf 89' lang='lat' dir='ltr'>luisse</span> <span class='ocrx_word' id='word_1_138' title='bbox 202 2250 294 2333; x_wconf 81' lang='lat' dir='ltr'>dicet,</span> <span class='ocrx_word' id='word_1_139' title='bbox 316 2251 343 2313; x_wconf 93' lang='lat' dir='ltr'>is</span> <span class='ocrx_word' id='word_1_140' title='bbox 365 2272 443 2314; x_wconf 88' lang='lat' dir='ltr'>vera</span> <span class='ocrx_word' id='word_1_141' title='bbox 464 2250 570 2315; x_wconf 89' lang='lat' dir='ltr'>dicere</span> <span class='ocrx_word' id='word_1_142' title='bbox 592 2251 819 2315; x_wconf 83' lang='lat' dir='ltr'>existimandus</span> <span class='ocrx_word' id='word_1_143' title='bbox 838 2251 906 2315; x_wconf 88' lang='lat' dir='ltr'>erit.</span> 
     </span>
    </p>
   </div>
   <div class='ocr_carea' id='block_1_3' title="bbox 423 2857 763 2998">
    <p class='ocr_par' dir='ltr' id='par_1_4' title="bbox 423 2857 763 2998">
     <span class='ocr_line' id='line_1_18' title="bbox 423 2857 763 2998; baseline -0.012 -42"><span class='ocrx_word' id='word_1_144' title='bbox 423 2995 425 2998; x_wconf 16' lang='grc' dir='ltr'>Ι</span> <span class='ocrx_word' id='word_1_145' title='bbox 476 2857 590 2956; x_wconf 82' lang='lat' dir='ltr'>Pars</span> <span class='ocrx_word' id='word_1_146' title='bbox 624 2857 763 2986; x_wconf 85' lang='lat' dir='ltr'>prior.</span> 
     </span>
    </p>
   </div>
   <div class='ocr_carea' id='block_1_4' title="bbox 284 3087 942 3189">
    <p class='ocr_par' dir='ltr' id='par_1_5' title="bbox 284 3087 942 3189">
     <span class='ocr_line' id='line_1_19' title="bbox 284 3087 942 3189; baseline 0 -20"><span class='ocrx_word' id='word_1_147' title='bbox 284 3087 443 3188; x_wconf 76' lang='lat' dir='ltr'>lutthcta</span> <span class='ocrx_word' id='word_1_148' title='bbox 468 3087 629 3189; x_wconf 74' lang='lat' dir='ltr'>epithetis</span> <span class='ocrx_word' id='word_1_149' title='bbox 654 3088 825 3169; x_wconf 83' lang='lat' dir='ltr'>vertenda</span> <span class='ocrx_word' id='word_1_150' title='bbox 849 3089 942 3169; x_wconf 79' lang='lat' dir='ltr'>sunt</span> 
     </span>
    </p>
   </div>
   <div class='ocr_carea' id='block_1_5' title="bbox 516 3365 701 3453">
    <p class='ocr_par' dir='ltr' id='par_1_6' title="bbox 516 3365 701 3453">
     <span class='ocr_line' id='line_1_20' title="bbox 516 3365 701 3453; baseline -0.011 0"><span class='ocrx_word' id='word_1_151' title='bbox 516 3365 638 3453; x_wconf 84' lang='lat' dir='ltr'><strong>OAP.</strong></span> <span class='ocrx_word' id='word_1_152' title='bbox 668 3367 701 3452; x_wconf 91' lang='lat' dir='ltr'>I.</span> 
     </span>
    </p>
   </div>
   <div class='ocr_carea' id='block_1_6' title="bbox 388 3589 830 3678">
    <p class='ocr_par' dir='ltr' id='par_1_7' title="bbox 388 3589 830 3678">
     <span class='ocr_line' id='line_1_21' title="bbox 388 3589 830 3678; baseline -0.002 -20"><span class='ocrx_word' id='word_1_153' title='bbox 388 3590 435 3659; x_wconf 82' lang='lat' dir='ltr'>De</span> <span class='ocrx_word' id='word_1_154' title='bbox 456 3589 599 3678; x_wconf 82' lang='lat' dir='ltr'>epitheti</span> <span class='ocrx_word' id='word_1_155' title='bbox 619 3589 830 3678; x_wconf 86' lang='lat' dir='ltr'>trajectione.</span> 
     </span>
    </p>
   </div>
   <div class='ocr_carea' id='block_1_7' title="bbox 84 3767 1183 4290">
    <p class='ocr_par' dir='ltr' id='par_1_8' title="bbox 84 3767 1183 4290">
     <span class='ocr_line' id='line_1_22' title="bbox 124 3767 1183 3859; baseline -0.002 -21"><span class='ocrx_word' id='word_1_156' title='bbox 124 3776 144 3855; x_wconf 65' lang='grc' dir='ltr'>ξ</span> <span class='ocrx_word' id='word_1_157' title='bbox 167 3775 216 3838; x_wconf 79' lang='lat'>71.</span> <span class='ocrx_word' id='word_1_158' title='bbox 260 3771 466 3839; x_wconf 86' lang='lat' dir='ltr'>Substantivo</span> <span class='ocrx_word' id='word_1_159' title='bbox 488 3796 561 3838; x_wconf 91' lang='lat' dir='ltr'>cum</span> <span class='ocrx_word' id='word_1_160' title='bbox 591 3775 739 3859; x_wconf 87' lang='lat' dir='ltr'>genetivo</span> <span class='ocrx_word' id='word_1_161' title='bbox 761 3773 813 3837; x_wconf 88' lang='lat' dir='ltr'>vel</span> <span class='ocrx_word' id='word_1_162' title='bbox 835 3767 1037 3836; x_wconf 80' lang='lat' dir='ltr'>antecedenti</span> <span class='ocrx_word' id='word_1_163' title='bbox 1055 3772 1107 3836; x_wconf 88' lang='lat' dir='ltr'>vel</span> <span class='ocrx_word' id='word_1_164' title='bbox 1127 3795 1183 3859; x_wconf 90' lang='lat' dir='ltr'>pe-</span> 
     </span>
     <span class='ocr_line' id='line_1_23' title="bbox 84 3879 1182 3969; baseline -0.002 -25"><span class='ocrx_word' id='word_1_165' title='bbox 84 3902 174 3967; x_wconf 71' lang='lat' dir='ltr'>requo</span> <span class='ocrx_word' id='word_1_166' title='bbox 205 3882 230 3944; x_wconf 92' lang='lat' dir='ltr'>si</span> <span class='ocrx_word' id='word_1_167' title='bbox 259 3881 344 3967; x_wconf 93' lang='lat' dir='ltr'>quod</span> <span class='ocrx_word' id='word_1_168' title='bbox 367 3881 529 3969; x_wconf 87' lang='lat' dir='ltr'>epitheton</span> <span class='ocrx_word' id='word_1_169' title='bbox 551 3881 677 3946; x_wconf 90' lang='lat' dir='ltr'>additur</span> <span class='ocrx_word' id='word_1_170' title='bbox 698 3880 875 3945; x_wconf 90' lang='lat' dir='ltr'>secundum</span> <span class='ocrx_word' id='word_1_171' title='bbox 896 3879 1033 3965; x_wconf 83' lang='lat' dir='ltr'>logicam</span> <span class='ocrx_word' id='word_1_172' title='bbox 1055 3879 1182 3966; x_wconf 91' lang='lat' dir='ltr'>quidem</span> 
     </span>
     <span class='ocr_line' id='line_1_24' title="bbox 84 3987 1181 4075; baseline -0.002 -22"><span class='ocrx_word' id='word_1_173' title='bbox 84 3991 196 4054; x_wconf 86' lang='lat' dir='ltr'>u&#39;onem</span> <span class='ocrx_word' id='word_1_174' title='bbox 218 3987 259 4052; x_wconf 89' lang='lat' dir='ltr'>ad</span> <span class='ocrx_word' id='word_1_175' title='bbox 280 3988 374 4075; x_wconf 92' lang='lat' dir='ltr'>hujus</span> <span class='ocrx_word' id='word_1_176' title='bbox 395 3991 556 4054; x_wconf 88' lang='lat' dir='ltr'>notionem</span> <span class='ocrx_word' id='word_1_177' title='bbox 577 3988 791 4072; x_wconf 85' lang='lat' dir='ltr'>referendum,</span> <span class='ocrx_word' id='word_1_178' title='bbox 815 3988 872 4053; x_wconf 88' lang='lat' dir='ltr'>sed</span> <span class='ocrx_word' id='word_1_179' title='bbox 894 4011 911 4053; x_wconf 90' lang='lat' dir='ltr'>e</span> <span class='ocrx_word' id='word_1_180' title='bbox 933 3989 1055 4052; x_wconf 92' lang='lat' dir='ltr'>ratione</span> <span class='ocrx_word' id='word_1_181' title='bbox 1078 4009 1181 4072; x_wconf 90' lang='lat' dir='ltr'>gram·</span> 
     </span>
     <span class='ocr_line' id='line_1_25' title="bbox 84 4095 1183 4184; baseline -0.002 -23"><span class='ocrx_word' id='word_1_182' title='bbox 84 4097 197 4179; x_wconf 68' lang='lat' dir='ltr'>lticaa</span> <span class='ocrx_word' id='word_1_183' title='bbox 229 4096 425 4161; x_wconf 85' lang='lat' dir='ltr'>substantivo</span> <span class='ocrx_word' id='word_1_184' title='bbox 447 4096 598 4184; x_wconf 91' lang='lat' dir='ltr'>primario</span> <span class='ocrx_word' id='word_1_185' title='bbox 621 4107 745 4184; x_wconf 81' lang='lat' dir='ltr'>aptum,</span> <span class='ocrx_word' id='word_1_186' title='bbox 777 4095 922 4182; x_wconf 85' lang='lat' dir='ltr'>trajectio</span> <span class='ocrx_word' id='word_1_187' title='bbox 949 4117 1031 4182; x_wconf 92' lang='lat' dir='ltr'>quae</span> <span class='ocrx_word' id='word_1_188' title='bbox 1052 4104 1183 4159; x_wconf 89' lang='lat' dir='ltr'>vocatur</span> 
     </span>
     <span class='ocr_line' id='line_1_26' title="bbox 84 4204 1181 4290; baseline -0.004 -19"><span class='ocrx_word' id='word_1_189' title='bbox 84 4204 170 4271; x_wconf 87' lang='lat' dir='ltr'>itheti</span> <span class='ocrx_word' id='word_1_190' title='bbox 178 4206 285 4269; x_wconf 88' lang='lat' dir='ltr'>oritur.</span> <span class='ocrx_word' id='word_1_191' title='bbox 293 4206 400 4290; x_wconf 89' lang='lat' dir='ltr'>Atque</span> <span class='ocrx_word' id='word_1_192' title='bbox 410 4205 633 4269; x_wconf 84' lang='lat' dir='ltr'>inuniversum</span> <span class='ocrx_word' id='word_1_193' title='bbox 643 4204 906 4289; x_wconf 88' lang='lat' dir='ltr'>triatrajactionis</span> <span class='ocrx_word' id='word_1_194' title='bbox 915 4225 1036 4289; x_wconf 85' lang='lat' dir='ltr'>genera</span> <span class='ocrx_word' id='word_1_195' title='bbox 1044 4211 1181 4268; x_wconf 89' lang='lat' dir='ltr'>statuere</span> 
     </span>
    </p>
   </div>
   <div class='ocr_carea' id='block_1_8' title="bbox 84 4310 1181 4477">
    <p class='ocr_par' dir='ltr' id='par_1_9' title="bbox 84 4310 1181 4477">
     <span class='ocr_line' id='line_1_27' title="bbox 84 4310 1181 4398; baseline -0.003 -21"><span class='ocrx_word' id='word_1_196' title='bbox 84 4312 162 4378; x_wconf 87' lang='lat' dir='ltr'>teris</span> <span class='ocrx_word' id='word_1_197' title='bbox 182 4334 242 4398; x_wconf 90' lang='lat' dir='ltr'>pro</span> <span class='ocrx_word' id='word_1_198' title='bbox 263 4313 390 4378; x_wconf 79' lang='lat' dir='ltr'>vinculo</span> <span class='ocrx_word' id='word_1_199' title='bbox 413 4312 531 4376; x_wconf 87' lang='lat' dir='ltr'>scilicet</span> <span class='ocrx_word' id='word_1_200' title='bbox 550 4313 645 4376; x_wconf 90' lang='lat' dir='ltr'>modo</span> <span class='ocrx_word' id='word_1_201' title='bbox 668 4314 784 4377; x_wconf 89' lang='lat' dir='ltr'>artiore</span> <span class='ocrx_word' id='word_1_202' title='bbox 805 4310 900 4376; x_wconf 91' lang='lat' dir='ltr'>modo</span> <span class='ocrx_word' id='word_1_203' title='bbox 915 4311 1095 4393; x_wconf 87' lang='lat' dir='ltr'>infirmiore,</span> <span class='ocrx_word' id='word_1_204' title='bbox 1118 4333 1181 4397; x_wconf 91' lang='lat' dir='ltr'>quo</span> 
     </span>
     <span class='ocr_line' id='line_1_28' title="bbox 943 4416 979 4477; baseline 0 0"><span class='ocrx_word' id='word_1_205' title='bbox 943 4416 979 4477; x_wconf 94' lang='lat' dir='ltr'>ll</span> 
     </span>
    </p>
   </div>
   <div class='ocr_carea' id='block_1_9' title="bbox 0 0 1374 4830">
    <p class='ocr_par' dir='ltr' id='par_1_10' title="bbox 0 0 1374 4830">
     <span class='ocr_line' id='line_1_29' title="bbox 0 0 1374 4830; baseline 0 1"><span class='ocrx_word' id='word_1_206' title='bbox 0 0 1374 4830; x_wconf 95' lang='lat' dir='ltr'> </span> 
     </span>
    </p>
   </div>
  </div>
 </body>
</html>
