2738 4830
549 468 733 534 ..3-

63 663 159 727 ,torsa
179 640 303 736 autom,
324 651 358 717 id
380 650 464 739 quod
488 672 615 738 semper
635 652 669 720 in
692 649 849 736 ejusmodi
872 648 1136 737 disputationibus
1158 671 1213 738 op·

68 761 203 826 tandum
224 771 282 843 cst,
304 769 407 827 totum
427 758 484 824 tibi
513 780 649 845 cumque
669 757 921 844 ingentissimum
944 758 1087 844 aporiam
1107 779 1214 823 axem·

68 869 194 957 plorum
215 868 417 950 thesaurum,
449 866 536 953 quod
558 863 722 951 negotium
743 865 903 930 neminem
924 863 1051 951 quidem
1072 866 1213 930 uirorum

70 975 236 1043 doctorum
257 975 422 1061 hucusque
445 975 623 1061 suscepisse
644 973 747 1044 viduo.

152 1082 353 1167 Sudantem,
386 1104 481 1169 quam
503 1080 544 1147 ad
564 1083 667 1168 ipsam
701 1080 947 1168 disputationem
980 1082 1215 1166 aggrediamur,

68 1195 108 1258 do
129 1193 227 1256 totius
249 1191 392 1279 opusculi
414 1189 618 1277 dispositione
637 1211 741 1277 pauca
756 1189 894 1254 afferam.
921 1226 955 1236 -
980 1187 1094 1253 Totam
1116 1190 1214 1277 igitur

67 1301 367 1367 commentationem
390 1298 574 1385 bipartitum
596 1318 667 1362 ossa
689 1297 773 1361 volui
802 1318 861 1384 pro
889 1297 1013 1366 rationo
1041 1298 1126 1361 inter
1145 1299 1215 1385 ipsa

68 1409 210 1496 spithota
240 1427 363 1493 susque
396 1405 604 1470 substantiva·
634 1402 845 1468 intercedenti
852 1452 861 1487 ,
893 1404 938 1468 itu
967 1403 1096 1490 quidam
1126 1407 1215 1473 utin

66 1518 175 1605 priora
204 1514 285 1580 libro
330 1513 369 1578 ds
388 1512 531 1599 nunptios·
549 1512 752 1599 εμόιόιτοιαιπ
773 1512 1013 1598 coospoadtorum
1034 1537 1094 1576 ατο
1130 1509 1235 1577 όὶοο·’

66 1645 152 1707 rom,
185 1623 218 1687 in
250 1623 350 1687 altaro
382 1621 420 1691 δι
450 1621 654 1708 optumrum
682 1621 922 1706 compositorum
942 1644 1002 1685 usu
1033 1621 1215 1708 artificioso.

67 1730 162 1814 Quod
186 1731 346 1818 quomodo
367 1729 509 1814 intellegi
524 1729 618 1794 velim
632 1737 667 1792 ut
682 1750 856 1814 cognoscas
870 1729 928 1794 hus
943 1729 1021 1794 duas
1037 1751 1213 1817 proponam

65 1841 120 1905 tibi
131 1839 352 1926 exemplorum
365 1838 462 1903 sorios
484 1859 491 1900 ι
514 1832 699 1904 adsumus
711 1827 797 1922 κόρα
809 1835 889 1903 Ηοα.
909 1837 980 1919 500,
1000 1829 1214 1923 καρποφόρον

67 1943 182 2014 πεδδον
194 1945 268 2014 flet.
283 1947 382 2028 1480,
406 1936 613 2029 λωτοτρόφος
633 1941 752 2024 λεῖμαξ
774 1942 895 2009 Phucn.
909 1944 999 2028 1571,
1023 1942 1216 2033 μελεόφρων

66 2047 175 2141 πατήρ
199 2055 232 2122 J.
264 2052 303 2117 Τ.
334 2053 411 2135 804,
444 2042 642 2126 πολύστονος
655 2045 752 2135 ’Ἔρις
776 2051 870 2117 Hom.
900 2058 941 2122 A.
975 2054 1028 2136 73,
1069 2049 1216 2141 ἤδοεπῆς

66 2159 201 2248 Νέστωρ
223 2164 262 2226 Α.
284 2162 363 2244 248,
390 2156 582 2244 ποικιλῳόός
603 2157 710 2246 Σφίγξ
734 2159 832 2246 Soph.
866 2158 907 2227 Ο.
929 2160 969 2226 R.
1010 2163 1069 2227 130
1089 2175 1131 2214 ὲ-
1151 2172 1217 2237 εις

66 2261 147 2360 τύχῃ
159 2259 486 2356 δαρόποτμοςΗὶρρ.
500 2269 578 2336 827*
587 2319 596 2353 ,
618 2264 827 2357 χαμαιπετὴς
847 2269 964 2340 πίπτει
976 2269 1092 2335 Bacch.
1117 2274 1215 2355 1111;

67 2372 235 2462 δόοθοτοα
256 2375 444 2463 ἦμδραΗοΙ.
461 2380 541 2444 1474
550 2428 559 2462 ,
581 2369 790 2463 πολύδακρυς
803 2369 906 2443 οἲδονό
916 2376 966 2442 ΕΙ.
983 2379 1061 2463 126,
1083 2375 1215 2465 ἑκατογ-

67 2486 196 2575 κέφαλα
207 2475 491 2574 όφειοκίαχήματα
509 2484 586 2550 Her.
609 2487 669 2549 fur.
683 2487 709 2572 ¹)
730 2486 812 2567 832,
833 2479 995 2566 βοόθυτοι
1009 2483 1217 2572 προοιροπαί

68 2595 259 2662 ΑΙο.1156*.
302 2593 392 2659 Haec
414 2615 477 2680 qua
498 2613 532 2656 ro
555 2591 701 2659 differant
721 2593 754 2657 in
765 2594 931 2680 propatulo
954 2604 1008 2658 ost.
1040 2594 1079 2658 In
1100 2596 1215 2682 prioris

69 2704 154 2768 onim
174 2700 294 2767 ordinis
315 2701 471 2787 exemplis
489 2721 555 2768 non
576 2700 640 2764 ulla
654 2699 843 2786 perspicitur
857 2702 888 2764 in
906 2700 1116 2787 epithetorum
1140 2700 1212 2766 sub-

69 2811 342 2898 stantivorumquo
371 2809 592 2896 conjunctione
622 2809 748 2879 dicendi
780 2831 832 2873 ars
864 2809 915 2873 vol
937 2807 1085 2890 audacia,
1116 2818 1151 2872 nt
1173 2809 1213 2875 ab

70 2919 129 2985 hac
149 2928 242 3007 parts
263 2941 282 2984 u
305 2918 500 3005 simplicibus
521 2911 630 2983 λευκόν
650 2906 736 3002 κόρα
748 2914 858 3004 Suppi.
882 2915 962 2999 289,
985 2908 1151 3001 κάρπιμον
1169 2911 1214 2981 πό

71 3027 126 3093 δον
145 3026 204 3095 Or.
229 3028 317 3108 1086,
346 3024 508 3091 λωτοῦντα
529 3024 632 3092 πεδία
646 3026 741 3090 Hom.
754 3024 789 3089 M
806 3025 884 3107 283,
905 3023 1021 3105 uidam
1044 3015 1213 3110 Τρῳάδες,
1268 3101 1271 3105 .

69 3125 235 3202 στονόεντα
264 3132 364 3212 utum
385 3134 414 3198 Θ
436 3136 512 3218 lou,
534 3129 630 3220 ἡδεῖα
650 3127 743 3220 doado}
766 3137 792 3198 0
813 3135 870 3215 04,
892 3130 1041 3209 ποικίλος
1056 3124 1134 3218 όνήρ
1156 3135 1212 3197 Ar.

70 3243 154 3331 Eqn.
176 3242 237 3309 108
262 3243 332 3328 ipsu
352 3242 406 3306 illa
426 3263 489 3306 non
519 3243 581 3308 alia
601 3265 637 3307 rs
658 3242 861 3328 discrepent,
883 3242 943 3306 nisi
966 3243 1035 3306 sola
1056 3241 1212 3328 composi-

69 3352 164 3416 tione.
205 3347 325 3416 Oontra
344 3349 376 3413 in
401 3351 527 3415 alterius
542 3350 660 3418 ordinis
677 3352 829 3438 exsmpiis
843 3350 953 3420 videus
969 3370 1065 3436 quam
1087 3351 1213 3437 copioso

70 3467 177 3524 noster
196 3449 279 3540 τόχα
299 3451 515 3543 βαρόποτμος
534 3458 689 3546 dicatpro
710 3450 793 3540 τόχα
810 3461 932 3545 βαρεῖα
953 3469 986 3523 ot
1006 3453 1213 3544 χαμαιπετὴς

70 3566 188 3634 πίπτει
208 3588 267 3653 pro
288 3565 392 3648 χαμαὶ
412 3565 545 3650 πίπτει,
568 3567 620 3632 vol
643 3589 738 3654 quam
765 3569 879 3633 mirum
912 3590 971 3654 per
991 3567 1212 3654 breviloquen-

139 3883 235 3952 1)21οιι
260 3901 301 3940 rua
318 3884 388 3952 suut
404 3885 612 3952 ingeniosissima
629 3885 813 3940 Wilsmovitaii
841 3883 980 3950 disputatio
1008 3884 1137 3950 (analecta
1162 3885 1211 3938 Eu-

72 3970 169 4041 ripidsa
185 3970 298 4029 floralici
317 3974 383 4028 1875
400 3987 424 4037 p.
444 3975 485 4024 09.
505 3975 567 4040 00),
585 3987 637 4039 qua
657 3972 701 4024 illo
721 3973 839 4027 ovinws
857 3971 968 4032 studuit,
994 3971 1115 4024 usitatum
1133 3970 1213 4036 hujus

73 4056 174 4107 fabulas
192 4055 303 4108 nominis
329 4055 537 4108 addidumuntum
563 4051 719 4136 μαινόμενος
748 4073 800 4108 non
818 4057 948 4124 Euripidi,
976 4058 1021 4107 ssd
1038 4055 1213 4124 grammaticis

76 4140 167 4194 deberi.
200 4142 329 4208 Equidom
347 4159 402 4193 rom
419 4150 450 4194 ut
475 4159 492 4194 α
507 4145 637 4209 proposito
655 4142 731 4194 nimis
749 4143 859 4194 alienam
877 4144 904 4193 in
923 4144 1008 4194 modio
1027 4142 1151 4207 relinquo,
1170 4157 1213 4192 ns·

76 4242 134 4291 que,
160 4243 193 4279 no
211 4231 308 4278 tumore
335 4227 361 4278 in
388 4227 459 4279 illlus
476 4227 556 4281 narba
570 4230 658 4296 jurare
676 4229 777 4290 videar,
805 4228 940 4296 avulgari
956 4229 1060 4280 tubulas
1086 4227 1212 4294 significa-

78 4312 142 4365 tione
158 4314 260 4366 ιεοεδο.

968 4401 979 4436 ι
995 4399 1012 4436 κ
