2774 4838
576 463 792 527 -181-

126 641 219 706 etiam
240 640 340 706 verba
359 643 518 728 pertinent
541 666 560 706 a
580 643 786 728 grammatico
809 645 840 706 in
864 643 967 708 Beklr.
991 642 1113 706 Anecd.
1135 666 1165 730 p.
1193 644 1264 727 346,

127 749 165 812 19
186 757 315 815 servata
343 742 474 835 άδωρος
496 743 594 833 χάρις
614 751 674 835 lig.
696 751 777 832 861,
800 751 956 835 quasilla
988 750 1129 837 explieat
1150 772 1157 812 :
1181 745 1200 834 ἦ
1221 746 1266 836 μη

125 853 181 922 ἐπὶ
202 849 292 931 τύλος
306 851 451 922 ἐλθοῦσα
472 852 598 941 dapis,
621 857 766 943 equidem
788 857 989 944 praetulerim
1011 880 1019 920 ε
1038 859 1163 946 pratia,
1185 884 1266 945 quae

124 962 311 1029 δοσανιινιοσ
320 977 364 1029 eet
373 965 395 1028 ι’.
403 987 428 1028 e.
437 966 584 1053 ι’νιηνσισ;
597 965 636 1028 cf.
649 973 812 1051 praeterea
820 960 939 1050 άκλεὴς
945 957 1029 1046 δόξα
1037 965 1264 1033 Ηεσοο1.623*.

207 1068 280 1148 Qua
312 1079 380 1136 arte
407 1081 439 1136 et
466 1070 598 1137 audacia
620 1071 744 1136 dicendi
765 1073 797 1136 in
818 1073 878 1136 hoc
906 1073 1115 1159 epithetorum
1147 1095 1266 1158 genere

124 1178 163 1243 sb
193 1172 217 1245 ei
252 1177 468 1265 incipientium
497 1180 667 1266 Euripides
702 1187 844 1246 vereatue
880 1181 936 1263 eit,
969 1181 1062 1262 satis,
1095 1190 1131 1246 ut
1161 1203 1265 1268 spero,

124 1285 244 1370 liquet3
277 1308 362 1350 nunc
380 1305 383 1309 ·
401 1308 478 1350 vero
514 1287 646 1351 similem
665 1287 773 1351 'etiam
804 1286 834 1349 in
858 1288 904 1352 eie
936 1288 1101 1369 miramur,
1131 1290 1162 1351 in
1198 1290 1266 1374 qui-

123 1392 183 1459 bus
203 1379 241 1458 σύ
260 1392 312 1459 vel
333 1393 390 1468 δας
411 1393 583 1480 praecedit.
622 1393 705 1459 Nam
728 1394 837 1459 eodem
861 1416 955 1459 sensu
978 1416 1041 1480 quo
1062 1387 1165 1479 γάμος
1189 1390 1264 1481 άγα-

121 1520 184 1579 μσς
205 1501 300 1567 etiam
332 1492 434 1585 γάμος
454 1492 621 1588 δύσγαμος
641 1501 814 1588 Euripides
835 1501 962 1567 admisit
983 1502 1118 1583 (Phoeu.
1142 1505 1264 1589 1048*),

122 1609 154 1672 in
167 1628 231 1694 quo
242 1608 294 1674 vel
304 1608 417 1673 clarius
429 1611 563 1695 quentin
574 1609 627 1673 illo
638 1609 766 1674 alterius
778 1608 910 1674 membri
917 1608 1113 1676 abundantia
1121 1620 1263 1697 propter·

123 1736 161 1780 ea
175 1713 233 1780 sub
260 1716 367 1782 oculos
381 1716 475 1798 cadit,
496 1716 570 1802 quia
591 1716 720 1781 infausti
735 1717 823 1782 notio
837 1717 897 1804 ipsi
908 1716 977 1802 jam
999 1716 1107 1782 subest
1121 1719 1263 1783 membro

122 1821 220 1908 priori
245 1836 312 1888 'nec
344 1843 361 1888 e
382 1824 527 1910 proxima
550 1823 674 1887 demum
698 1823 840 1909 ejusdem
867 1825 953 1887 vocis
968 1823 1168 1911 oppositione
1189 1846 1264 1896 enu-

123 1928 257 1995 cleanda
293 1939 341 1996 est
369 1933 414 2019 (p.
447 1931 530 2014 178).
585 1930 658 1996 Ησσ
689 1941 855 2018 praeterea
884 1931 1046 2017 pertinent
1075 1931 1155 1995 Hec.
1187 1934 1264 1997 194*

124 2031 223 2104 αύδσῖ
229 2032 421 2123 δυσφήμους
430 2029 544 2124 φάμας
552 2063 566 2117 ,·
588 2074 622 2086 -
650 2037 724 2104 Hel.
739 2039 817 2104 213*
828 2032 906 2104 αἰών
924 2036 1067 2104 δυσαίων
1078 2060 1212 2127 quocum
1224 2040 1264 2104 cf.

122 2145 236 2232 Suppl.
253 2145 332 2212 960*
348 2142 489 2211 δυσαίων
509 2140 633 2230 ύβιύςς
655 2182 696 2194 -
716 2145 750 2211 J.
772 2145 811 2210 Τ.
830 2148 911 2210 203*
932 2146 969 2227 ἐξ
990 2136 1096 2232 άρχᾶς
1113 2169 1173 2225 μοι
1195 2143 1264 2212 δαδ-

121 2275 192 2333 μων
213 2248 418 2336 δοσδαύμωνς
440 2253 479 2316 cf.
495 2275 525 2318 v.
542 2256 641 2320 1118*
664 2250 866 2335 δυσδαίμονα
887 2248 984 2335 dirum
1007 2292 1047 2302 -
1069 2254 1188 2319 Troad.
1202 2256 1263 2322 471

120 2355 197 2427 ὅσον
218 2363 358 2444 δυστυχῆ
379 2352 465 2448 λάβῃ
485 2352 592 2450 τύχην.
617 2398 650 2410 -
676 2362 757 2426 Item
789 2361 841 2427 hic
861 2362 1027 2428 nominare
1048 2363 1156 2428 licebit
1178 2362 1263 2426 Med.

121 2470 202 2535 420*
229 2463 334 2535 ούκέσι
355 2465 553 2544 δυσκέλαδος
580 2462 675 2553 φάμα
696 2473 846 2553 γυναῖκας
867 2467 942 2549 ἕξει.
966 2506 1000 2518 ·-
1027 2470 1123 2535 Addo
1145 2469 1264 2534 Troad.

121 2577 172 2660 75,
192 2575 248 2642 ubi
267 2577 449 2642 melioribus
471 2577 556 2641 libris
573 2576 745 2642 ‘exhibetur
767 2565 919 2662 δύστηνον
940 2570 1050 2653 adroic
1070 2570 1179 2641 νόστον
1200 2575 1265 2656 ἐμ-

120 2685 235 2766 βαλεῖν
256 2682 367 2769 θάλος
388 2685 420 2749 in
444 2683 566 2749 duobus
587 2684 716 2748 minoris
737 2684 830 2771 pretii
852 2680 1013 2749 codicibus
1035 2684 1151 2769 legitur
1177 2675 1264 2747 δύσ-

122 2812 232 2859 νσσνον
263 2815 322 2881 pro
354 2784 517 2877 δύστηνον.
561 2791 627 2856 Res
659 2788 817 2877 quomodo
850 2790 1053 2877 dijudicanda
1073 2793 1114 2855 sit
1134 2812 1265 2884 merea

116 2900 237 2986 judicio
270 2899 439 2989 pendebit,
471 2899 557 2987 quod
579 2899 678 2964 habes
708 2898 748 2964 de
769 2899 1002 2984 manuscriptis.
1030 2932 1063 2945 -
1088 2897 1262 2964 Praeterea

121 3008 220 3073 verba
249 3007 301 3073 hic
338 3007 442 3072 locum
469 3006 607 3071 habeant
646 3007 685 3072 ab
708 3005 890 3091 Hartungie
912 3006 1040 3092 quidem
1063 3014 1095 3071 et
1116 3003 1262 3070 Nauekio

121 3113 207 3180 hunc
241 3115 281 3180 in*
306 3113 434 3180 modum
468 3115 611 3181 restituta
632 3138 639 3178 :
661 3111 811 3190 ἱππείοις
839 3109 873 3179 ἐν
895 3112 1063 3202 δίφροισιν
1093 3104 1264 3201 ψαμάθων

121 3216 273 3298 Αὐλίδος
292 3220 461 3303 δπεβᾶσαν
480 3214 630 3309 νύμφαν,
651 3220 749 3303 οἴμοι,
772 3215 958 3307 δύσνυμφον
977 3219 1009 3285 J.
1033 3220 1071 3284 T.
1093 3220 1174 3285 216*
1203 3242 1261 3306 pro

121 3329 271 3401 librorum
293 3330 426 3397 lectione
441 3324 566 3397 iamir
590 3328 684 3417 dlpp.
705 3341 790 3418 φαμ.
806 3324 893 3395 Adi.
908 3322 1072 3408 ἐπέβασαν
1091 3319 1262 3411 νύμφαιον,

120 3427 218 3518 οἶμοι,
249 3431 438 3523 δύσνυμφον.
463 3473 497 3487 -
523 3434 644 3522 Magna
673 3436 809 3523 denique
841 3435 1010 3500 similitudo
1031 3435 1115 3499 inter
1136 3433 1263 3499 laudata

120 3547 269 3633 exempla
298 3555 330 3610 et
358 3545 391 3611 J.
421 3544 460 3609 Τ.
492 3546 568 3611 143*
602 3534 841 3633 δυσθρηνήτοις
871 3539 918 3621 σάς
950 3539 1098 3629 ἔγκειμαι
1129 3533 1263 3632 θρήνοις

119 3652 298 3736 intercedit,
321 3676 513 3740 quamquam
536 3656 567 3718 in
590 3655 650 3718 hcc
682 3654 861 3718 membrum
883 3652 1077 3740 superfluum
1099 3652 1260 3716 verbalem

120 3770 267 3826 naturam
287 3761 391 3826 habet.

204 3866 338 3935 Restant
358 3869 497 3956 epitheta
518 3868 558 3934 ab
580 3861 617 3934 ed
637 3869 829 3956 incipientia,
851 3889 985 3956 quorum
1007 3867 1146 3934 secunde
1166 3888 1261 3933 mem-
1333 3846 1336 3852 ¹

122 3977 179 4041 bra
200 3997 263 4041 non
287 3975 378 4041 aliter
399 3997 495 4062 quam
516 3978 549 4041 in
563 3975 822 4043 antecedentibus
836 3997 965 4064 prorsus
987 3976 1160 4041 abundant.
1196 3973 1261 4041 Lu·

121 4084 369 4155 calentissimum
391 4085 423 4148 id
445 4107 547 4169 genus
570 4085 749 4172 exemplum
772 4092 876 4149 exstat
896 4083 1012 4148 Bacch.
1041 4083 1100 4150 66*
1121 4072 1262 4164 κάματον

121 4182 305 4274 εύνάμανσν
320 4192 498 4281 jucundum
520 4193 656 4259 laborem
678 4184 787 4276 (πόνον
806 4184 922 4278 γλυκύν
954 4191 1053 4281 Soph.
1076 4191 1126 4258 El.
1150 4191 1260 4276 1145);

122 4309 228 4365 cetera
249 4310 322 4365 eunt
342 4323 350 4364 τ
372 4297 422 4376 τίς
443 4294 483 4365 dv
505 4287 560 4365 οὖν
581 4293 682 4387 πύρσν
706 4294 843 4387 εύπορσν
862 4294 1032 4385 ἑξανύσαι;
1064 4299 1098 4367 J.
1121 4299 1160 4365 Τ.
1182 4299 1262 4367 897*
