2738 4830
225 891 372 975 Priora
398 891 589 976 membra
617 892 762 976 dativo
792 895 995 978 vertenda
1023 870 1133 979 aunt

112 1142 145 1194 a
196 1113 340 1192 Suffixa
373 1114 495 1193 activo
521 1142 633 1192 sensu
666 1115 835 1193 secundis
860 1115 1038 1195 membris
1062 1117 1252 1196 accedunt

202 1329 223 1410 ξ
255 1326 304 1391 47.
362 1323 593 1412 Exemplorum
638 1325 699 1395 hac
745 1325 945 1414 paragrapho
990 1327 1252 1414 proferendoruru

112 1456 264 1500 numerus
286 1432 414 1521 quidem
437 1432 530 1497 valde
552 1432 687 1517 exiguus
703 1442 759 1498 est.
803 1434 852 1497 Ac
872 1434 1007 1520 primum
1030 1436 1159 1521 quidem
1180 1436 1253 1501 inc

112 1541 261 1609 desinunt
282 1565 290 1605 ε
309 1531 507 1623 τοξόδαμνσς
527 1565 605 1606 arcu
626 1565 776 1623 σοσνοειιε,
798 1542 924 1607 vincens
946 1566 954 1606 r
975 1541 1074 1629 Hipp.
1100 1544 1177 1608 1451
1198 1535 1253 1628 τήν

111 1642 305 1733 τοξόδαμνον
316 1643 482 1734 Ἄρτεμιν,
505 1670 568 1734 quo
591 1658 685 1735 poeta
699 1659 806 1712 noster
827 1658 875 1713 eet
895 1648 1090 1734 Aeschylum
1112 1650 1252 1714 imitatus

112 1757 201 1824 Pers.
223 1759 266 1825 85
286 1749 482 1838 τοξόδαμνον
493 1748 587 1843 ’Ἀρνῆ
612 1793 644 1805 -
670 1755 870 1839 νοντλπσλος,
891 1778 954 1843 quo
975 1757 1093 1824 Bacchi
1113 1757 1251 1844 epitheto

113 1867 174 1952 frg.
198 1866 330 1941 dlhalll
361 1855 557 1929 νυκτιπόλου
577 1862 736 1949 Ζσφρέισς
769 1865 808 1928 ad
832 1888 921 1930 sacra
952 1865 1003 1929 dei
1034 1874 1188 1930 nocturna
1209 1865 1252 1928 al-

113 1971 250 2055 luditur;
282 1971 339 2036 sed
359 1971 506 2037 Bacchae
539 1974 633 2037 etiam
656 1982 752 2037 noctu
774 1982 928 2058 vagantes
959 1972 1071 2037 eodem
1093 1973 1251 2036 attributo

113 2090 306 2145 exornantur
335 2079 411 2146 Jon.
443 2080 540 2163 717*;
561 2119 603 2128 —
622 2072 806 2168 ὑλοφορβός
826 2103 837 2145 .·
857 2082 889 2148 3.
922 2080 961 2146 Τ.
992 2081 1053 2170 261
1080 2075 1157 2146 ἐπεὶ
1174 2085 1255 2163 βοῦς

117 2181 324 2273 ὀλοφορβσός
344 2175 459 2252 πόντον
474 2179 718 2271 εἰσεβάλλομεν,
740 2188 795 2253 ubi
810 2188 1046 2276 ,μίεεοσίριῐεὶελΙ
1070 2211 1110 2254 an
1126 2209 1251 2275 „neccs-

115 2295 224 2365 cariis“
242 2295 401 2383 epitheton
417 2296 618 2362 inserendum
635 2306 719 2361 esset
739 2297 900 2384 paulisper
922 2295 1050 2361 dubium
1073 2296 1147 2360 mihi
1168 2294 1252 2360 vide·

114 2403 223 2487 batur3
246 2401 303 2468 sed
324 2412 435 2491 postea
456 2404 652 2489 comparanti
674 2404 749 2467 mihi
771 2402 856 2468 hunc
876 2403 979 2468 locum
1003 2426 1073 2468 cum
1095 2402 1173 2468 Hes.
1189 2401 1251 2492 Op.

112 2513 170 2579 591
193 2509 276 2595 βοός
296 2501 480 2599 ὑλοφάγοιο
503 2510 601 2599 κρέας
621 2513 722 2576 omnis
747 2512 911 2598 scrupulus
940 2512 1105 2576 exanimo
1128 2513 1253 2598 penitus

113 2620 240 2686 evulsus
263 2630 320 2685 est.
363 2616 488 2683 Eodem
510 2629 615 2684 autem
632 2619 721 2704 jure,
744 2640 935 2705 quamquam
958 2641 1022 2682 non
1044 2619 1141 2706 ipsius
1162 2618 1253 2683 Euri·

112 2727 194 2816 pidia
216 2737 275 2805 eet,
296 2729 389 2793 ctiam
411 2717 606 2813 ὀρειδρόμος
627 2750 635 2791 z
656 2727 690 2794 J.
712 2728 751 2791 A.
773 2723 877 2815 [1593]
907 2721 1029 2813 ἔλαφον
1060 2716 1254 2810 ὀρειδρόμον

112 2838 174 2902 huc
224 2835 344 2901 referre
397 2837 537 2922 poteris,
591 2833 676 2922 quod
727 2837 890 2922 aptissime
950 2856 1020 2898 cum
1073 2832 1253 2897 Homericis

112 2943 229 3027 leonio,
258 2944 341 3030 lupi,
365 2942 511 3008 draconis
534 2943 677 3030 epithetic
697 2938 914 3028 ὀρεσίτροφος
934 2942 998 3026 (Μ.
1021 2941 1103 3023 299,
1127 2939 1155 3021 ζ.
1180 2942 1252 3025 130)

112 3059 151 3114 στ’
164 3045 336 3137 ὀρέστερος
356 3053 414 3136 (Χ.
436 3050 486 3132 93,
508 3076 535 3115 κ.
557 3052 633 3135 212)
656 3058 864 3136 comparatur.
887 3086 929 3097 -
949 3049 1109 3116 Suffixum
1128 3072 1145 3112 ο
1161 3071 1252 3137 prae-

112 3166 202 3222 terea
222 3166 355 3246 apparet
385 3160 417 3222 in
444 3149 609 3243 ὀρεινόμος
631 3182 639 3222 :
663 3158 739 3222 Her.
761 3157 821 3222 fur.
844 3157 924 3222 364*
945 3149 1113 3241 ὀρεινόμον
1133 3153 1254 3243 ὀγρλσιν

116 3254 309 3350 Κενταύρων
320 3265 400 3331 ποτὲ
413 3268 539 3352 γέννσνς
563 3303 595 3315 ·—
622 3261 822 3353 ὀλλρροθος,
845 3287 908 3352 quo
930 3269 1061 3352 egregie
1083 3266 1254 3352 Euripides

112 3373 228 3437 fluctuo
260 3373 422 3460 depingit,
458 3375 512 3462 qui
548 3396 582 3438 ec
604 3372 731 3437 illidunt
761 3373 794 3436 in
825 3372 916 3437 litore
937 3373 1103 3460 scopuloso
1125 3396 1133 3437 τ
1154 3373 1252 3461 Hipp.

114 3483 193 3548 1205
215 3476 264 3558 εἷς
278 3478 509 3568 δ’ὀλιρρόθους
523 3471 622 3556 ὀκτσὶς
636 3475 884 3568 ἀποβλέψαντες
904 3475 990 3567 ἱερόν
1010 3473 1138 3562 εἴδομεν
1150 3486 1252 3563 νόμοις

112 3588 151 3652 σ1.
176 3590 290 3654 Aesch.
306 3590 397 3655 Pera.
420 3591 460 3656 36
482 3581 605 3674 πόρους
619 3579 824 3676 ἁλιρρόθους
844 3587 930 3675 quod
948 3588 1031 3653 idem
1046 3588 1140 3653 etiam
1155 3588 1253 3676 Soph.

113 3696 165 3782 Aj.
187 3696 250 3761 412
277 3697 403 3784 legitur.
446 3696 596 3764 Secunda
626 3718 701 3782 para
730 3696 903 3784 repetenda
934 3705 982 3760 eet
1004 3718 1022 3760 a
1044 3696 1255 3761 determinata¹

112 3803 218 3869 radice
238 3805 279 3894 ῥυ
291 3805 318 3888 ¹)
340 3802 520 3892 (ῥέω)ερε3
541 3805 596 3889 (cf.
617 3800 830 3890 ριν-θ-μόςλ)
853 3842 893 3854 -
914 3805 966 3869 De
988 3797 1160 3878 ὀλλντοπος
1178 3805 1254 3886 βοσ-

113 3925 200 3978 tuoso
220 3914 309 3978 muri
326 3926 466 4001 επεφειιε
488 3936 495 3976 :
518 3911 619 4000 Hipp.
643 3913 722 3979 754*
753 3907 881 3978 πόντιον
902 3906 974 3994 κῦμ’
994 3907 1171 3977 ὀλλντνπσν
1192 3898 1255 3975 iil.-

185 4200 204 4266 ¹)
223 4202 296 4251 Gurt.
316 4200 372 4252 Gr.⁴
390 4218 415 4267 p.
434 4207 491 4255 354.

181 4291 203 4360 ²)
222 4292 283 4344 ibid.
301 4309 325 4362 p.
345 4297 385 4356 65,
404 4297 444 4347 66.
