2738 4830
589 416 779 478 „10-

116 596 171 662 ubi
203 597 285 663 aries
318 597 370 661 ille
402 606 579 684 spectatur,
613 596 653 661 de
684 619 747 684 quo
780 606 892 683 postea
922 596 1007 660 iuter
1028 596 1205 682 Thyestem
1226 604 1255 659 et

118 706 253 769 Atreum
276 706 493 770 controversia
515 715 626 770 exorta
648 716 695 769 est
710 704 780 790 (Or.
794 705 891 786 998*;
912 704 945 771 J.
962 703 1000 768 Τ.
1021 704 1105 786 812).
1135 701 1255 769 Contra

116 813 256 900 epitheta
277 835 352 879 vere
375 815 521 877 ornantia
542 813 642 877 hebes
653 815 686 876 in
707 808 919 896 χρυσοκέρατ’
941 809 1065 901 ἔλαφον
1085 812 1159 878 Hel.
1178 812 1254 876 381*

117 921 171 1005 (ef.
193 923 253 1008 frg.
276 922 386 1005 7402„
407 916 465 986 σδν
475 913 710 1006 χρυσοκάρανον
731 913 849 1007 δόρκαν
871 921 948 986 Her.
972 922 1031 986 fur.
1052 923 1168 1005 375*);
1185 943 1255 984 nem

115 1022 336 1115 χρνσόμαλλσς
356 1039 485 1117 praeter
506 1028 648 1094 laudatos
671 1031 756 1094 locos
778 1051 842 1093 non
866 1031 1033 1094 invenitur.

198 1138 249 1202 Ad
272 1147 450 1203 extremum
472 1136 512 1201 ad
534 1136 855 1224 personificationem,
878 1137 979 1222 qualis
994 1159 1057 1200 non
1079 1158 1151 1200 raro
1175 1157 1255 1200 eom·

116 1246 227 1332 positis
258 1245 294 1309 fit
324 1245 491 1333 epithetis>
525 1245 588 1327 iem
610 1244 661 1308 hio
682 1246 790 1330 paucis
815 1245 954 1309 animum
988 1243 1162 1308 advertam.
1207 1245 1256 1308 Ασ

99 1375 172 1440 Ιρον
194 1374 227 1416 se
249 1354 377 1439 quidem
399 1353 609 1437 intellegitur,
633 1352 708 1416 talis
723 1347 872 1436 epitheta,
895 1353 1046 1438 quoniam
1067 1362 1099 1434 et
1119 1353 1191 1438 ipsa
1205 1360 1257 1416 aut

116 1462 295 1525 necessaria
317 1470 398 1543 sunt,
420 1471 474 1525 aut
495 1460 696 1546 descriptiva,
719 1469 774 1523 aut
799 1461 962 1543 ornantia,
985 1461 1092 1523 omnia
1123 1459 1171 1522 his
1203 1460 1254 1523 tri·

116 1569 174 1632 bos
183 1569 402 1656 exemplorum
412 1567 564 1634 classibus
574 1568 826 1633 esseinserenda.
838 1565 892 1633 Sic
901 1569 1078 1632 necessaria
1089 1576 1256 1631 occurrunt

115 1678 146 1741 in
159 1668 360 1760 δμορὸκσισσι
374 1676 494 1758 βλαχαὶ
507 1678 652 1762 σμικρῶν
672 1676 789 1741 σακέων
803 1675 897 1764 Oykl.
917 1678 992 1760 58³3
1014 1669 1125 1756 χάσμα
1134 1668 1255 1762 eripuer-

115 1778 176 1850 πδν
185 1785 309 1867 πέτρας
329 1784 361 1851 J.
379 1785 416 1848 T.
437 1784 513 1866 6263
537 1781 682 1869 διαρραλξ
696 1775 842 1864 κυμάτων
863 1771 1024 1858 κοιλωπὸς
1045 1776 1146 1868 α’χμός
1167 1783 1202 1850 Ι.
1218 1784 1254 1848 Τ.

113 1893 184 1959 263.
232 1891 354 1959 Contra
384 1894 550 1958 manifesta
579 1905 652 1957 sunt
683 1893 875 1980 descriptiva
895 1894 927 1956 in
954 1890 1006 1970 σλς
1037 1883 1088 1976 ἄρ’
1119 1886 1208 1977 ὄρνις
1236 1886 1257 1978 ἤ

115 1995 217 2085 δρνδς
236 1994 257 2087 ἢ
278 1993 394 2076 ἐλάσας
416 1993 609 2083 α’κρσκόμσις
631 1991 717 2087 ἀμφὶ
739 1994 874 2076 κλάδοις
889 1997 1023 2080 ἑζομένα
1044 1999 1110 2064 κτλ.
1134 2000 1255 2064 Phoen.

117 2109 229 2193 1516*;
260 2106 318 2174 σδν
347 2099 583 2192 μελάμπεπλον
605 2101 747 2174 Θάνατον
769 2109 839 2173 Alo.
869 2111 952 2191 8433
982 2107 1257 2193 χισνσδρέμμσνας

27 2225 30 2232 ’
114 2212 237 2282 Ἰδαιᾶν
261 2219 400 2304 Νυμφᾶν
423 2217 560 2292 σκσπλας
581 2217 653 2282 Hel.
677 2219 785 2284 1323*.
823 2216 978 2284 Ornantia
1000 2213 1137 2303 denique
1158 2217 1255 2280 habes

114 2327 144 2389 in
155 2316 371 2408 χρσσσὸναιισν
391 2325 524 2391 δσπλδα
535 2327 595 2410 frg.
612 2327 688 2408 1593
713 2325 972 2411 καλλιβλέφαρον
990 2329 1065 2407 (pule
1078 2324 1103 2391 J
1104 2346 1154 2386 on.
1169 2325 1254 2390 189*.

113 2433 205 2497 Haeo
225 2435 321 2517 igitur
342 2445 375 2498 et
397 2434 509 2498 similia
531 2456 720 2520 quamquam
744 2457 803 2522 per
824 2455 858 2498 se
879 2432 1008 2521 quidem
1029 2454 1093 2495 non
1115 2441 1256 2516 est,'our

114 2542 265 2606 acetaria
296 2543 544 2629 uniuscujusque
576 2544 685 2606 classis
705 2543 857 2630 exemplis
877 2550 1083 2607 secernantur
1095 2591 1103 2622 ‚
1137 2550 1253 2620 temen,

114 2670 177 2735 quo
200 2649 323 2714 facilins
345 2651 558 2738 intellegatur,
581 2661 736 2737 quatenus
761 2651 814 2714 hic
827 2671 953 2736 quoque
968 2649 1052 2736 apud
1068 2646 1255 2734 Euripidem

114 2755 324 2843 epithetorum
345 2780 422 2822 usus
443 2768 568 2844 pateat,
597 2779 662 2822 non
682 2759 793 2822 inutile
814 2757 890 2820 mihi
917 2758 1019 2820 visum
1049 2765 1113 2836 est,
1143 2764 1254 2842 quarto

115 2865 216 2950 capite
248 2863 354 2930 omme
387 2867 673 2954 personificationis
704 2866 851 2952 exempla
881 2887 945 2930 una
976 2861 1253 2950 comprehendere.

595 3394 716 3480 OAP.
748 3397 779 3479 Ι.

493 3555 652 3643 Epitheta
672 3557 872 3626 necessaria.

197 3716 217 3794 ξ
239 3713 269 3780 3.
313 3712 435 3780 Omnes
449 3715 517 3780 fere
536 3715 596 3779 viri
609 3715 702 3798 docti,
713 3716 760 3780 his
772 3718 969 3804 temporibus
983 3718 1015 3781 in
1030 3738 1068 3781 eo
1076 3717 1257 3782 consentire

114 3819 262 3885 videntur
284 3843 301 3885 e
323 3814 497 3886 notissimis
517 3844 573 3887 sex
602 3825 850 3911 compositorum
877 3825 1048 3908 elassibus,
1071 3826 1182 3911 quales
1204 3848 1256 3890 ve-

113 3935 217 4015 terum
237 3926 391 3992 Indorum
413 3929 541 4015 linguae
563 3931 712 4016 propriae
734 3942 825 4015 sunt,
856 3953 925 3996 esse
947 3941 1013 3996 tres
1034 3932 1129 3996 modo
1153 3932 1255 3997 deter-

113 4036 352 4120 minativorum,
386 4033 617 4124 dependentiae
651 4040 915 4126 compositorum,
938 4040 1194 4105 attributivorum
1223 4043 1254 4104 in

115 4140 277 4210 Graecum
305 4166 481 4209 sermonem
519 4145 767 4212 transferendas.
809 4146 860 4220 Ae
898 4149 1024 4235 copiose
1057 4149 1185 4235 quidem
1217 4132 1257 4211 de

115 4250 227 4315 horum
249 4261 361 4316 natura
382 4273 542 4340 exponere
557 4276 828 4341 supervacaneum
843 4255 912 4340 erit,
934 4258 1009 4342 quia
1030 4267 1093 4322 tam
1114 4257 1210 4345 plane
1224 4264 1257 4319 et
