2738 4830
533 1510 668 1613 Liber
701 1511 831 1611 alter.

236 1812 283 1894 lto
309 1811 533 1918 epithemium
560 1811 822 1918 compositorum
846 1835 912 1894 usu
936 1810 1135 1896 artificioso.

195 2017 215 2094 ξ
238 2013 286 2078 70.
330 2014 545 2078 Artificiosum
567 2015 776 2102 epithetorum
806 2016 1051 2103 compositorum
1072 2035 1240 2101 usumque

111 2123 144 2184 in
176 2144 211 2186 re
238 2122 376 2206 positum
408 2123 586 2208 quibusque
616 2122 731 2187 finibus
753 2124 1005 2211 circumsriptum
1026 2145 1095 2187 esse
1116 2123 1241 2187 volueri·

112 2252 192 2296 mus.
215 2228 356 2293 breviter
373 2230 440 2314 jam
461 2231 494 2293 in
516 2229 712 2317 praefatione
735 2231 876 2315 opusculi
909 2235 954 2318 (p.
986 2232 1015 2314 3,
1039 2231 1074 2316 4)
1104 2230 1242 2318 exposui-

111 2359 191 2399 mus.
235 2337 353 2420 Agitur
386 2335 426 2400 de
457 2357 496 2399 ea
526 2345 594 2400 arte
617 2345 649 2400 et
670 2336 801 2401 audacia
822 2337 967 2420 dicendi,
998 2360 1061 2424 qua
1082 2359 1156 2402 cum
1176 2337 1241 2400 sub-

112 2442 255 2506 stantivis
284 2443 422 2530 epitheta
452 2442 505 2506 illa
548 2443 799 2528 conjunguntur3
840 2446 1003 2530 quaeritur
1033 2467 1096 2531 qna
1128 2447 1242 2509 ratione

112 2552 265 2637 ejusmodi
286 2551 511 2615 vocabulorum
534 2551 773 2636 conjunctiones
794 2551 965 2616 vertendae
987 2553 1069 2633 sint,
1091 2562 1126 2615 ut
1143 2552 1242 2636 justus

112 2683 221 2725 sensus
253 2661 386 2743 oriatur3
419 2681 482 2722 non
515 2660 678 2744 quaeritur
709 2659 748 2723 de
791 2659 923 2745 alicujus
954 2659 1086 2746 epitheti
1122 2661 1242 2723 notione

110 2770 260 2832 nunciata
281 2767 333 2831 vel
353 2767 447 2854 paulo
468 2766 596 2830 liberius
617 2765 657 2830 de
679 2766 741 2830 hoc
762 2768 812 2830 vel
833 2767 886 2830 illo
908 2767 1034 2830 nomine
1065 2766 1242 2854 praedicatu

112 2899 205 2964 quam
240 2875 336 2960 vulgo
366 2874 459 2958 hujus
491 2873 723 2960 significatione
746 2873 936 2937 conceditur.
979 2873 1093 2959 Itaque
1129 2873 1242 2959 epithe-

109 2993 214 3048 torum
253 3005 378 3066 sensus,
411 2982 512 3068 qualis
543 2983 577 3046 in
609 2982 755 3045 versione
782 2981 963 3046 reddendus
995 2989 1063 3061 est,
1099 2981 1241 3066 quoniam

112 3114 221 3155 norma
249 3090 339 3154 nobis
368 3112 438 3154 esse
466 3089 563 3154 debet
591 3088 738 3174 inhujus
766 3088 838 3153 libri
860 3087 1011 3175 exemplis
1035 3087 1200 3174 sequenda
1211 3085 1241 3169 ¹),

111 3199 303 3285 propositam
331 3198 492 3261 materiam
521 3196 644 3260 duabus
673 3196 813 3283 partibus
834 3195 1001 3259 absolvere
1023 3193 1138 3258 licebit.
1183 3195 1243 3258 Aut

112 3307 212 3388 enim,
234 3316 267 3369 ut
286 3306 317 3368 in
340 3304 546 3368 antecedente
570 3304 665 3388 libro,
695 3304 834 3390 epitheta
854 3324 930 3366 vere
953 3301 1163 3387 epithetornm
1187 3303 1241 3386 sig·

111 3413 272 3477 nificatum
294 3412 418 3495 habent,
442 3411 563 3475 sedita
582 3420 698 3493 tamen,
719 3419 755 3474 ut
775 3411 824 3475 vel
845 3411 916 3495 ipsa
938 3408 1069 3493 trajecta
1103 3410 1166 3472 sint
1195 3405 1241 3471 vel

111 3542 209 3584 unum
236 3521 409 3584 alterumve
440 3519 615 3583 membrum
646 3517 819 3593 redundet,
852 3525 906 3581 aut
929 3517 999 3603 ipsa
1031 3517 1160 3579 omnino
1183 3537 1241 3579 non

106 3629 176 3713 jam
210 3626 372 3692 reddenda
407 3635 479 3690 sunt
521 3625 684 3711 epithetis,
727 3624 783 3688 sed
819 3624 968 3708 genetivo
1010 3624 1150 3686 nominis
1196 3622 1240 3686 vel

112 3737 273 3800 enuntiato
317 3734 461 3798 relativo.
513 3732 749 3818 Nonnunquam
784 3733 877 3795 etiam
920 3752 977 3816 pro
1013 3732 1241 3817 praepositione

114 3951 307 3960 -..Ψ-...ι-

180 4087 200 4152 ¹)
220 4089 363 4138 Dotendum
391 4092 437 4148 est,
461 4088 530 4152 quod
554 4085 641 4136 Latini
667 4083 791 4134 sermonis
809 4083 910 4149 legibus
940 4098 991 4132 non
1008 4097 1065 4131 raro
1082 4081 1238 4148 impedimur,

111 4175 247 4241 quominus
274 4176 310 4226 ita
340 4175 453 4240 epitheta
478 4176 676 4232 transferamus,
701 4177 731 4222 ut
747 4187 838 4222 sensus
856 4169 968 4220 maxime
985 4169 1116 4234 postulare
1135 4168 1237 4219 videtur.

112 4262 185 4324 Quod
203 4261 248 4311 ubi
265 4263 301 4323 fir,
321 4266 441 4311 anostra
459 4260 546 4327 tingue
563 4260 687 4309 auxilium
706 4257 871 4323 repetendum
890 4255 946 4308 erit.
