2738 4830
515 473 557 487 -
599 437 657 502 117
696 439 736 487 ’-

139 620 231 701 §42
273 610 349 684 Jam
381 618 431 711 ed
453 641 560 684 eorum
592 611 860 686 enumerationem
889 630 1032 704 transeo,
1062 641 1143 708 quaa
1165 624 1197 687 in

82 725 210 791 uffixum
229 748 275 791 το
296 728 369 812 (τη)
392 727 559 811 desinunt,
580 727 664 792 inter
694 749 777 814 quae
811 715 993 814 δξόδηκτος
1016 729 1084 814 jam
1116 732 1136 811 ξ
1157 730 1198 795 39

82 834 221 900 tudatum
262 835 397 921 primum
436 833 640 921 referendum
669 843 736 918 est;
777 835 837 900 hoo
869 845 975 899 autam
1005 834 1197 923 descriptivo
1244 873 1247 878 ·

82 964 151 1008 insu
185 941 225 1006 ad
246 933 412 1028 φόσγανον
441 953 606 1029 praeterea
634 942 756 1007 aceedit
778 942 877 1006 Andr.
903 943 982 1007 1118
1004 933 1199 1027 ὀξυθήκτοις

82 1040 238 1134 ασμσὶνοις
258 1044 478 1134 αλπλισμὲνοις,
496 1049 570 1115 item
592 1050 633 1115 ad
653 1047 748 1131 βέλος
768 1046 820 1113 ΕΙ.
845 1051 951 1114 1159*.
975 1049 1040 1116 Sed
1053 1049 1197 1115 Homero

82 1159 158 1244 ragis
181 1156 314 1244 simplex
329 1158 470 1222 arrisisse
485 1157 637 1244 probatur
659 1161 706 1221 M.
726 1158 793 1238 190,
815 1160 847 1238 δ.
869 1157 890 1223 3
911 1149 971 1238 δξό
984 1155 1095 1242 ξλφσς;
1112 1180 1197 1222 oom-

82 1286 153 1330 iune
185 1274 291 1330 autem
324 1286 396 1329 oum
416 1265 469 1329 illo
491 1263 662 1352 Euripides
691 1265 788 1331 habet
806 1256 1001 1345 μελόνδετσς
1020 1266 1112 1350 (Η),
1134 1287 1196 1352 quo

82 1374 183 1460 ignum
206 1372 305 1459 gladii
326 1373 528 1438 manubrium
550 1372 735 1457 designatur
764 1373 883 1438 Phoen.
909 1374 984 1439 1091
1007 1362 1200 1455 μελάνδετον

82 1477 172 1567 mom
211 1479 274 1567 frg.
314 1482 375 1547 374
414 1471 587 1567 φάσγανον
619 1471 833 1562 μελόνδετσνς
865 1480 904 1544 of.
936 1481 1031 1546 Hom.
1064 1479 1104 1546 Ο.
1137 1482 1199 1547 713

83 1578 209 1676 όσμανα
230 1579 332 1673 καλό,
353 1577 551 1670 μελάνδετα,
584 1579 761 1675 κωπήεντα.
785 1625 824 1638 -
847 1586 1014 1674 Subjungo
1037 1586 1197 1672 δίκροτος,

82 1695 142 1762 uod
174 1705 209 1761 ut
240 1717 398 1761 remorum
422 1695 546 1783 pulsum
574 1697 614 1761 ab
633 1705 767 1783 utraque
788 1698 879 1761 navia
900 1706 991 1784 parte
1012 1697 1130 1783 pariter
1151 1697 1196 1760 ef-

82 1815 176 1871 otum
198 1803 342 1873 sensibus
362 1804 454 1891 quasi
474 1804 644 1869 admoveat
665 1826 735 1869 oum
759 1799 852 1890 κωπη
874 1812 969 1891 poeta
993 1814 1102 1868 noater
1122 1803 1197 1891 jun·

82 1914 155 1982 tJ.
178 1911 217 1977 Τ.
238 1913 319 1978 407*
350 1906 528 1987 εἰλατίναις
559 1903 738 1997 δικρότοισι
767 1901 898 1989 κοτ’παις
929 1908 1088 1979 ἔπλευσαν
1108 1905 1197 1977 νότον

82 2021 212 2108 ςφμαῑ).
234 2019 464 2085 -Praeclare
495 2018 616 2085 insulae
648 2022 689 2083 ah
720 2020 881 2107 Aeschylo
912 2029 1067 2085 vocantur
1107 2018 1196 2084 νόσοι

82 2126 265 2216 ερλκλοστοι
281 2125 385 2214 (Pers.
400 2128 480 2211 8793
503 2127 541 2191 of.
559 2149 587 2190 v.
602 2125 699 2214 096);
722 2127 807 2215 quod
824 2149 914 2193 suum
935 2127 1056 2192 faciens
1078 2127 1196 2215 epithe-

82 2258 107 2302 m
137 2236 310 2323 Euripides
337 2235 377 2300 ad
396 2234 545 2322 'Paphum
572 2235 706 2299 insulam
736 2237 821 2299 inter
842 2233 1037 2306 Leucadiam
1058 2235 1196 2320 litusque

83 2345 286 2411 oarnanioum
315 2343 557 2429 interjacentem
591 2345 741 2407 transfert
766 2342 843 2407 Her.
872 2342 931 2407 fur.
951 2343 1047 2410 1080*
1064 2339 1199 2425 Ταφλων

82 2449 273 2538 ερλκλοστον
302 2441 385 2516 dioro
414 2472 549 2537 quocum
582 2450 622 2514 ef.
645 2451 706 2535 hg.
731 2451 810 2516 1069
832 2450 1046 2537 περίκλυστον
1076 2448 1197 2534 προλι-

82 2561 150 2627 odo'
171 2547 437 2646 :repertionem
466 2568 559 2624 antea
586 2559 654 2644 jam
676 2561 708 2623 in
729 2559 848 2645 hymno
871 2560 903 2623 in
925 2559 1019 2646 Apol.
1042 2558 1114 2623 Del.
1138 2558 1194 2622 181

82 2661 176 2758 ἦλοισ
195 2659 410 2754 περικλόστης
429 2668 553 2752 legitur.
578 2705 613 2715 -
638 2666 773 2734 Claudat
794 2689 910 2752 agmen
933 2657 1090 2752 εόόχητος
1103 2666 1198 2732 valde

82 2780 241 2864 λεττσμιπε,
264 2797 328 2863 quo
347 2786 493 2840 tonantes
513 2776 610 2840 maris
630 2775 743 2840 fluetus
759 2774 974 2862 depinguntur
988 2774 1085 2862 Hipp.
1100 2775 1197 2840 1272*

82 2887 176 2955 τᾶται
199 2875 357 2970 εόοῖχητον
377 2878 520 2968 ἁλμυρόν
541 2879 596 2949 ἐπὶ
620 2874 745 2947 πόντον.

138 2996 160 3074 ξ
182 2994 232 3058 43.
277 2991 558 3080 Comprehendam·
586 2992 645 3056 hae
666 2991 867 3079 paragrapho
891 3012 971 3076 quae
993 2998 1112 3054 restant
1134 2988 1198 3073 opi-

82 3113 142 3168 ieta
170 3100 302 3165 aliorum
332 3101 516 3165 suffixorum
547 3122 606 3187 ope
627 3100 771 3164 formata.
815 3099 921 3184 Atque
942 3099 973 3161 in
997 3097 1108 3160 horum
1130 3097 1197 3182 qui·

82 3232 128 3275 em
159 3209 261 3295 capite
290 3231 406 3295 ponam
419 3258 427 3288 ‚
461 3229 594 3293 quorum
625 3209 657 3271 in
689 3207 753 3272 fine
782 3228 824 3281 ες
853 3214 986 3293 apparet
1009 3227 1016 3267 ε
1038 3195 1200 3290 παμφαὴς

82 3316 185 3403 (pol)
196 3319 233 3400 ²),
254 3317 338 3403 ignis
353 3317 512 3403 epitheton
536 3339 543 3380 :
567 3315 684 3380 Troad.
699 3317 779 3382 548*
793 3312 951 3400 παμφαὲς
965 3308 1071 3400 πυρός
1084 3312 1198 3398 σὲλας;

82 3447 129 3489 em
147 3423 231 3490 Solis
239 3423 345 3488 radius
361 3419 521 3509 παμφαὴς
536 3419 769 3520 α’ντλςιἈελίσυ
782 3425 962 3488 nominatur
976 3420 1062 3486 Med.
1079 3421 1197 3506 1251*;
1307 3511 1310 3519 ,

82 3555 116 3597 eo
137 3553 232 3596 sensu
245 3550 260 3611 ‚·
287 3531 344 3596 sed
374 3532 563 3595 formatione
586 3532 687 3595 solum
720 3531 760 3595 ab
782 3530 843 3595 hoo
865 3530 1069 3595 Homericum
1092 3528 1198 3592 differt

82 3639 167 3707 δλιον
180 3634 425 3725 παμφανόωντα
440 3642 479 3723 (ν,
494 3638 565 3724 29);
590 3676 624 3688 -
649 3633 830 3728 πολονιφής
853 3662 860 3703 :
882 3638 956 3703 Hel.
975 3639 1071 3704 1326*
1085 3633 1198 3723 ῥίπτει

129 3940 151 4008 ¹)
170 3940 214 3992 flio
237 3940 314 3991 etiam
339 3940 449 3991 Wailiua
472 3941 542 3991 huno
571 3941 657 3991 looum
681 3939 826 4016 intelleait‚
862 3942 907 4005 qui
939 3940 1069 3990 adnotat:
1092 3935 1199 4012 δικρό-

82 4040 148 4083 οισι
166 4023 287 4095 κόποις
304 4030 399 4096 τόμοοδ
415 4032 433 4079 δ
451 4029 477 4078 λα
495 4029 608 4079 locatione
625 4028 767 4094 humerique
784 4024 866 4094 ναῦς
883 4021 1092 4104 ἀμφιλλιόδα.
1128 4023 1152 4075 ll
1168 4042 1200 4075 ατ

82 4124 116 4167 ml
131 4110 178 4183 poa
194 4114 312 4166 τεινεννδτσ
338 4115 404 4167 deuo:
421 4132 499 4183 raupa
525 4115 660 4175 daroma,
679 4113 807 4164 maiades
824 4130 904 4165 aumas
920 4122 1104 4166 οισοοταονσολ
1121 4113 1201 4179 opale-

82 4212 123 4254 unt
140 4219 186 4254 εειν
203 4201 238 4253 lea
256 4201 321 4254 διαο
338 4201 420 4253 borda.

128 4293 150 4363 ²)
169 4295 240 4347 eun.
260 4293 315 4346 Gn*
332 4310 357 4360 p.
377 4297 433 4344 297.
