2738 4830
573 433 795 499 ...194-

116 620 178 701 8οῄ
208 626 242 679 et
286 639 315 678 v.
346 616 407 682 798
441 612 473 680 εἰ
492 607 579 698 τήνδ’
600 609 749 689 ἔπαυσας
767 619 825 697 τῆς
843 603 1079 696 πολυγλεέσσου
1096 615 1190 697 βοέῃ
1213 650 1243 660 -

119 721 214 809 Hipp.
223 723 281 788 68·
291 713 505 806 evirationem
514 714 615 786 αὐλόν
624 722 644 784 i.
659 742 686 784 e.
699 719 869 800 εὐδαίμονα
880 716 1005 805 πατρὸς
1014 709 1120 784 αέλᾰν
1133 719 1243 801 (Elme

118 831 227 910 leiue);
253 866 286 878 -
309 829 342 894 J.
365 832 403 895 A.
429 831 506 895 1001
523 825 641 909 λέσχας
661 819 879 907 κακοστόμους
899 829 919 890 i.
935 850 961 890 e.
978 823 1081 901 κανᾰς
1094 818 1246 905 στόματος

115 933 241 1017 λέσχας.
284 937 451 1022 Reliquum
473 947 531 1020 eat,
551 946 586 1000 ut
605 935 773 1000 nonnullos
793 935 880 999 locon
902 935 1043 1015 afferam,
1063 935 1120 998 ubi
1141 933 1244 1018 major,

116 1067 210 1130 quam
232 1046 265 1108 iu
285 1045 440 1131 exemplis
458 1045 622 1130 hucusque
643 1044 845 1124 memoratis,
867 1041 1029 1128 Euripidis
1050 1041 1179 1106 dioendi
1198 1063 1245 1105 au·

117 1151 207 1215 dacia
237 1153 385 1216 cernitur.
438 1148 493 1216 Sic
525 1151 638 1238 Suppl.
667 1151 727 1215 80*
750 1150 856 1234 justus
887 1171 997 1213 sennua
1027 1150 1083 1212 vix
1115 1150 1244 1227 eveniat

115 1260 177 1322 nisi
196 1251 290 1343 χάρις
308 1252 391 1341 γόων
417 1250 610 1323 πολυστόνου
636 1279 694 1344 per
713 1259 826 1322 miram
848 1256 1007 1342 quandam
1030 1255 1244 1340 breviloquen-

115 1366 191 1429 tiam
223 1388 281 1453 pro
311 1357 408 1451 χάρις
439 1364 570 1430 πολλῶν
588 1355 673 1448 γόων
692 1365 745 1430 καλ
767 1355 875 1429 πόνων
895 1363 1010 1427 dictum
1032 1384 1103 1428 eaeo
1124 1372 1243 1426 statuae

117 1470 212 1550 Quod
234 1475 261 1536 ai
285 1473 468 1537 conceditur
489 1474 540 1535 hic
572 1473 658 1536 locus
693 1494 758 1535 nou
780 1471 885 1535 differt
905 1494 924 1534 a
945 1470 1031 1535 Med.
1051 1471 1134 1535 204*
1155 1466 1244 1551 ἰαχᾰν

116 1579 189 1645 αἴον
209 1571 410 1644 πολυπόνων
430 1572 513 1664 γόων
532 1581 551 1642 i.
576 1602 603 1644 e.
625 1577 759 1643 πολλῶν
780 1572 895 1644 στόνου
916 1569 1081 1661 aalydem
1125 1579 1178 1642 Ab
1192 1601 1242 1642 usu

116 1687 239 1751 dicendi
271 1687 396 1772 vulgari
434 1687 529 1773 longe
560 1687 682 1751 recedit
718 1688 813 1750 etiam
840 1686 902 1772 frg.
924 1686 983 1752 891
1005 1679 1043 1750 sd
1062 1677 1244 1770 Νεστόρειον

115 1786 297 1880 εὔγλωσσον
323 1790 436 1875 μέλος,
467 1795 497 1857 in
531 1817 594 1880 quo
627 1770 828 1881 Νεοτέρειον
857 1792 959 1871 μέλος
985 1793 1071 1857 valet
1091 1792 1243 1882 Νέστορος

114 1901 223 1985 μέλος,
245 1896 424 1984 εὔγλωσσον
443 1912 549 1966 autem
571 1902 742 1966 secundum
758 1924 884 1965 sensum
907 1900 1035 1987 quidem
1057 1901 1196 1986 logicum
1209 1900 1242 1965 od

69 2073 74 2082 ,
115 2012 297 2095 genetivum
326 2009 413 2072 illum
445 2009 550 2095 priore
583 2011 723 2095 epitheto
755 2030 939 2096 expressum
972 2008 1174 2072 referendum
1194 2019 1242 2074 eat

117 2114 197 2181 Cum
229 2115 289 2178 hoc
317 2116 388 2178 loco
420 2137 603 2201 comparare
622 2117 740 2202 poteris
772 2116 849 2180 Her.
871 2116 932 2179 fur.
955 2115 1034 2180 1272
1056 2115 1245 2200 τετρασκελῆ

115 2220 379 2308 κενταυροπληθῆ
399 2213 549 2305 πόλεμον,
571 2245 652 2310 quae
673 2223 773 2287 verba
785 2221 860 2288 Joh.
876 2221 1070 2289 Schmidtius
1092 2224 1174 2288 bene
1195 2246 1242 2288 ex·

114 2330 202 2417 pedit
215 2330 241 2414 ¹)
255 2331 290 2394 τ’ντ
311 2353 463 2394 concursu
476 2330 610 2395 duorum
623 2330 824 2417 εμτλλιετοντυη
839 2355 938 2418 ραποε
951 2330 1113 2416 quoddam
1134 2345 1243 2396 attroc-

115 2438 209 2502 ta‘onia
258 2436 431 2502 notandum
478 2461 542 2503 aare
588 2436 754 2523 judicans,
797 2438 846 2502 ito
886 2438 1028 2524 quidam,
1070 2452 1107 2502 ut
1148 2439 1242 2503 altero

114 2546 244 2631 epitheto
277 2545 578 2632 (κενταυροπληθῆ,
614 2545 704 2630 cujus
741 2544 780 2609 de
802 2546 942 2611 secunda
962 2557 1052 2633 parte
1073 2547 1113 2610 cf.
1150 2546 1241 2628 §iffi

111 2667 292 2739 potestatem
310 2655 448 2742 ρεωετίυέ
464 2654 592 2718 habente
612 2653 746 2717 alterum
767 2653 890 2717 nonani
902 2649 1105 2739 'apportatum
1139 2678 1240 2740 quum-

113 2761 162 2825 vc'a
191 2784 300 2826 ετπευε
318 2761 469 2847 postulet,
495 2774 530 2824 ut
550 2759 597 2824 ud
614 2761 789 2848 ρεωεττυτωπ
809 2760 901 2824 illum
919 2761 1088 2846 referatur.
1132 2761 1243 2826 Valent

112 2869 209 2953 igitur
259 2868 312 2931 illa
362 2867 579 2953 τετραοκελτῦν
635 2863 825 2953 Κενταύρων
868 2860 1018 2949 πόλεμον.
1065 2906 1099 2915 -
1146 2869 1241 2932 Mirae

114 2975 237 3038 dicendi
259 2975 410 3040 audaciae
432 2976 610 3064 exemplum
632 2987 680 3040 eet
700 2975 734 3041 J.
756 2979 796 3039 A.
818 2977 906 3059 219²,
930 2976 984 3040 ubi
1003 2967 1242 3060 χρυσοδαιδάλ-

112 3104 186 3158 τους
207 3081 354 3163 στομίοις
374 3076 503 3160 πόλους
523 3095 649 3149 auctore
670 3084 800 3148 Klotzio
821 3107 913 3170 equor
928 3083 1087 3170 significat
1108 3083 1242 3150 camolia

110 3189 275 3274 frenorum
288 3194 477 3256 ornamentis
487 3200 655 3258 anatructoa
669 3194 689 3255 i.
705 3216 731 3256 e.
746 3183 874 3267 πώλους
880 3181 1005 3276 χρέουυ
1014 3190 1160 3272 στομίοις
1179 3190 1242 3255 δαι-

114 3289 258 3374 δέλτους.
280 3297 433 3362 Extremo
447 3300 524 3382 loco,
539 3299 671 3386 nequid
686 3301 938 3386 praetermittere
952 3298 1071 3383 videar,
1093 3301 1190 3363 etiam
1212 3301 1241 3361 in

112 3406 314 3491 imperfectae
344 3407 555 3471 abundantiae
585 3408 755 3495 exemplis,
785 3409 812 3470 si
833 3406 990 3493 superflua
1011 3406 1156 3470 membra
1177 3428 1242 3470 ver·

113 3522 179 3575 tere
193 3513 290 3593 voles,
310 3535 423 3577 moneo
438 3537 499 3577 non
512 3537 582 3578 raro
597 3514 636 3579 ad
652 3517 836 3601 genetivum
848 3515 903 3578 tibi
918 3513 1145 3579 recurrendum
1159 3534 1242 3593 στοας

113 3619 218 3682 hocin
241 3641 279 3683 ea
299 3622 485 3706 praesertim
508 3621 600 3704 cadit,
623 3645 704 3708 quae
719 3626 739 3703 ξ
755 3625 794 3686 75
808 3623 898 3703 initio
920 3623 1241 3687 commemoravimus.

193 3729 214 3806 ὅ
235 3727 300 3791 83..
330 3727 473 3791 Transeo
495 3751 579 3792 nunc
607 3728 646 3793 ad
667 3729 882 3794 enumerando
902 3740 1078 3794 ceterarum
1100 3731 1242 3794 classium

113 3836 275 3918 exempla,
308 3857 442 3920 quorum
462 3837 493 3898 in
517 3837 619 3922 capite
648 3837 777 3923 quidem
797 3859 914 3923 ponam
935 3839 967 3899 iu
989 3838 1102 3922 quibua
1125 3837 1241 3924 epithe-

112 3950 166 4003 ton
187 3963 244 4026 pro
268 3943 396 4007 nomine
418 3943 574 4007 abstracto
606 3956 784 4033 usurpatur.
828 3945 921 4009 Talia
952 3945 1101 4031 leguntur
1123 3945 1240 4011 Phoen.

113 4153 304 4162 —————.

182 4288 201 4356 ι)
219 4290 237 4340 l.
254 4307 277 4342 c.
294 4309 318 4359 p.
338 4299 378 4344 24.
