2738 4830
638 430 862 493 -178-

179 611 280 679 ru‘tvor
302 633 339 678 oa
358 614 440 676 sicut
454 611 495 676 dc
509 634 539 674 v.
552 610 633 675 668*
654 613 808 696 γαπετεῖς
829 604 932 674 δικιδν
952 603 1089 684 όόόντας
1108 609 1143 672 in
1158 612 1178 690 5
1192 608 1233 672 86
1254 609 1310 693 egi.

183 719 231 783 Ad
255 729 432 784 extremum
454 718 628 806 perfectam
643 719 770 783 alterius
784 719 919 783 membri
935 718 1165 783 abundantiam
1179 724 1312 780 statuere

154 828 273 892 'etiam
301 827 420 912 poteris
442 824 561 889 Phoen.
593 826 672 890 1115
703 815 873 910 πανόπτην
900 819 1025 904 ὄμμασι
1047 815 1223 909 δεδορκότα
1249 823 1268 885 i.
1288 844 1313 886 c

180 940 246 998 πᾶν
266 935 333 998 sive
348 923 456 997 πάντα
471 923 659 1018 δεδορκότα,
681 933 740 996 nisi
756 952 827 996 cum
837 932 996 996 nonnullis
1013 933 1089 995 viris
1110 931 1212 995 doctis
1231 935 1314 994 Παν-

174 1030 279 1124 όπτην
302 1031 446 1121 όμμαοιν
472 1031 653 1124 δεδορκότα
686 1041 823 1104 scribere
855 1048 1011 1127 praestat3
1037 1037 1235 1102 intercidisse
1264 1059 1315 1100 au·

180 1156 244 1225 tem
264 1157 338 1233 post
358 1140 536 1233 δεδορκότα
557 1169 685 1213 versum
706 1147 755 1210 cui
777 1149 858 1232 Argi
879 1168 994 1211 nomen
1026 1147 1129 1210 inerat
1149 1145 1234 1209 bena
1250 1144 1315 1229 jam

181 1254 384 1320 Hermannus
405 1265 514 1321 monet
535 1256 576 1339 (a.
598 1256 632 1337 l.)
660 1256 681 1337 ).

189 1412 192 1417 ⁴
263 1400 293 1492 5
306 1397 372 1474 17.Ι
399 1394 674 1498 Comprehendam
690 1410 748 1474 hac
763 1409 964 1497 paragrapho
987 1408 1126 1497 epitheta
1146 1408 1187 1473 ab
1209 1402 1255 1491 ol,
1273 1398 1321 1486 ad,

181 1518 451 1605 dvc-incipientia,
473 1510 606 1605 quorum
628 1500 735 1604 priora
756 1527 879 1581 tantum
895 1518 1037 1581 membra
1057 1515 1179 1602 aliquid
1199 1515 1314 1598 valore,

181 1614 320 1689 secunda
351 1648 479 1713 prorsus
507 1627 669 1712 quiescere
700 1624 853 1688 videmus.
896 1625 981 1688 Ante
1011 1625 1117 1688 omnia
1148 1631 1257 1687 autern
1278 1621 1314 1687 dc

180 1741 265 1796 certo
288 1732 425 1817 quodam
447 1731 571 1796 dicendi
592 1754 652 1796 usu
674 1732 866 1818 loquendum
888 1732 938 1795 hic
960 1739 1021 1814 est,
1054 1752 1148 1817 quem
1177 1730 1192 1817 j
1235 1732 1237 1737 ’
1269 1751 1310 1793 su·

179 1848 237 1926 pra
288 1840 322 1920 (5
358 1839 412 1924 74)
466 1834 592 1904 obiter¹
621 1840 793 1925 tetigimus.
856 1837 1004 1924 Namque
1045 1836 1235 1924 Euripides,
1277 1858 1310 1900 nc

182 1948 297 2010 nimius
326 1958 411 2010 esset
431 1948 461 2009 in
486 1946 651 2032 adjectivis
676 1939 785 2030 κακός,
807 1939 955 2031 πονηρός,
978 1935 1098 2026 οἶτοχὴς
1119 1945 1201 2009 sicut
1222 1932 1326 2010 omni-¹

180 2052 249 2134 bus,
274 2053 387 2138 quibus
402 2053 477 2117 mali
491 2063 522 2117 et
535 2054 662 2117 infausti
685 2056 830 2117 notiones
852 2055 1078 2139 exprimuntur,
1101 2074 1166 2116 non
1187 2074 1260 2116 raro
1274 2053 1311 2114 ita

181 2158 237 2221 has
250 2159 382 2222 reddere
397 2162 428 2223 in
442 2159 665 2224 consuetudine
686 2160 804 2241 habuit,
828 2161 1077 2224 ut'substantivo
1098 2159 1155 2223 tali
1178 2160 1309 2246 epitheto

180 2266 366 2331 exornando
377 2267 567 2353 adjectivum
578 2267 717 2335 adiceret
728 2290 768 2331 ex
785 2262 809 2331 α’
829 2267 986 2353 privativo
1009 2275 1040 2331 et
1055 2265 1208 2352 ejusdem,
1222 2287 1309 2352 quam

179 2373 388 2455 illud'habet,
423 2377 527 2461 stirpis
558 2361 612 2438 aut
641 2375 803 2461 potestatis
832 2376 958 2438 nomine
992 2372 1209 2460 compositum.
1264 2372 1311 2440 Sic

180 2472 302 2560 πότμος
324 2471 474 2561 ἄποτμος
494 2491 543 2545 est
563 2482 678 2546 mirera
699 2505 786 2564 sor33
808 2503 866 2568 per
880 2503 913 2545 se
935 2489 1050 2564 autern,
1072 2502 1143 2543 cum
1172 2473 1312 2559 ἄποτμος

181 2590 261 2652 sicut
282 2590 473 2653 omniafere
494 2591 555 2653 huc
576 2588 746 2652 referenda
762 2588 899 2675 epitheta
921 2588 1130 2675 compositum
1150 2588 1192 2652 sit
1218 2585 1312 2651 deter-

179 2697 363 2760 minativum
388 2700 420 2780 (5
434 2700 463 2779 4,
484 2699 528 2781 3),
550 2697 648 2761 verba
668 2696 722 2761 illa
742 2697 849 2761 valent
871 2720 878 2760 :
897 2721 975 2779 sors,
997 2719 1166 2783 quaerore
1188 2720 1253 2760 παπ
1266 2706 1312 2760 cat.

179 2802 264 2870 Sede
293 2806 439 2891 proxima
470 2805 612 2890 ejusdem
642 2802 790 2868 vocabuli
822 2805 1020 2891 oppositione
1053 2802 1148 2866 modo
1181 2803 1312 2888 positiva

180 2904 277 2974 modo
297 2912 445 2995 negativa
459 2912 496 2997 ²),
519 2913 567 2976 cui
590 2912 665 2998 quid
689 2912 795 2976 acerbi
817 2921 849 2976 et
869 2911 939 2975 duri
953 2910 1057 2974 inesse
1071 2931 1166 2974 nemo
1187 2932 1253 2973 non
1273 2910 1312 2972 in·

180 3018 308 3102 tellegit,
331 3019 489 3105 simplices
512 3020 595 3102 mali,
617 3019 754 3102 infausti,
776 3019 884 3082 miseri
905 3019 1049 3082 notiones
1072 3016 1223 3082 facillime
1244 3037 1311 3080 enn-

181 3124 330 3188 clcantur.
373 3124 410 3188 In
434 3127 645 3212 epithetorum
667 3126 764 3212 igitur
785 3127 930 3189 versione
952 3147 1023 3189 cum
1044 3124 1106 3188 hae
1120 3125 1211 3210 ipsae
1233 3122 1312 3187 adbi-

181 3233 304 3296 bendae
320 3257 445 3323 semper
460 3237 520 3299 sint
535 3236 718 3321 quiescente
732 3226 1087 3321 prorsus'secundorum
1102 3230 1311 3295 membrorum

178 3326 417 3427 significatione,
439 3341 513 3406 talia
535 3342 681 3429 exempla
701 3342 764 3405 huc
784 3341 903 3405 referre
924 3339 1000 3403 mihi
1015 3339 1127 3425 ,visum
1149 3348 1207 3402 est.

181 3562 378 3572 Ἥ

260 3726 281 3791 ¹)
298 3729 338 3777 Dc
355 3732 410 3779 toto
435 3726 561 3778 hocloco
586 3728 623 3794 (v.
645 3731 709 3787 1111,
734 3729 803 3795 squ.)
829 3745 880 3795 qno
898 3727 987 3780 nullm
1014 3728 1082 3779 serre
1107 3723 1206 3789 majore
1223 3722 1316 3774 laborat

183 3814 344 3881 corruptela,
372 3812 474 3878 copiose
492 3813 634 3868 Clemmius
653 3814 706 3881 egit
722 3815 816 3866 Philol.
835 3816 912 3865 XXX
929 3831 954 3881 p.
977 3816 1120 3867 131-116.

249 3921 270 3990 ²)
290 3923 374 3973 Etiam
398 3922 449 3975 alio
473 3939 551 3975 sensu
570 3930 597 3976 et
619 3940 723 4001 conexu
738 3925 832 3978 talibus
856 3925 972 3995 ejusdcm
989 3927 1102 3981 notionis
1119 3928 1317 3999 opposih‘onibns

181 4008 256 4059 valde
274 4015 351 4075 poeta
367 4015 455 4060 nostor
471 4009 615 4062 delectatus
633 4017 681 4074 est,
700 4011 890 4079 quodquidam
909 4011 1043 4081 intellegas
1061 4029 1120 4066 cx:
1142 4014 1222 4082 Hipp.
1242 4009 1318 4067 1289*

180 4090 270 4169 όφανξ
286 4090 399 4170 φανερόν
416 4093 554 4169 δ’ἕοχνδνς
572 4091 650 4172 ἇτρνς
674 4096 715 4148 El.
736 4095 830 4161 1191*;
849 4100 898 4165 frg.
918 4096 984 4150 '136⁸
1001 4091 1069 4176 όνῆρ
1085 4098 1198 4168 §troam
1214 4093 1317 4171 ἇξννοςῖ

158 4182 206 4259 ¹J.
224 4182 258 4235 'ri
284 4180 365 4234 1092*
382 4175 514 4248 οόξόνετον
530 4181 659 4250 &vunnim
675 4178 766 4259 βόαν1
790 4184 887 4235 Ptoou.
920 4185 1009 4238 150&
1045 4187 1168 4241 Proxime
1185 4193 1273 4240 auten
1286 4185 1317 4237 ad

182 4272 271 4320 textus
290 4269 409 4333 exempla
425 4269 526 4321 accedit
542 4269 599 4321 Alc
618 4269 683 4320 141*
699 4263 819 4345 cistlorov
836 4263 885 4326 τόν
902 4276 991 4328 ἕστατο
1009 4267 1106 4349 χρόνον
1124 4270 1267 4350 ,duwaicu-
