<?xml version="1.0" encoding="UTF-8"?>
<!DOCTYPE html PUBLIC "-//W3C//DTD XHTML 1.0 Transitional//EN"
    "http://www.w3.org/TR/xhtml1/DTD/xhtml1-transitional.dtd">
<html xmlns="http://www.w3.org/1999/xhtml" xml:lang="en" lang="en">
 <head>
  <title>
</title>
<meta http-equiv="Content-Type" content="text/html;charset=utf-8" />
  <meta name='ocr-system' content='tesseract 3.04.00' />
  <meta name='ocr-capabilities' content='ocr_page ocr_carea ocr_par ocr_line ocrx_word'/>
</head>
<body>
  <div class='ocr_page' id='page_1' title='image "./deepithetorumco00roemgoog_0115.png"; bbox 0 0 2774 4838; ppageno 0'>
   <div class='ocr_carea' id='block_1_1' title="bbox 614 366 883 482">
    <p class='ocr_par' dir='ltr' id='par_1_1' title="bbox 614 366 883 482">
     <span class='ocr_line' id='line_1_1' title="bbox 614 366 883 482; baseline -0.004 -17"><span class='ocrx_word' id='word_1_1' title='bbox 614 366 883 482; x_wconf 43' lang='grc' dir='ltr'><strong>..φρ</strong></span> 
     </span>
    </p>
   </div>
   <div class='ocr_carea' id='block_1_2' title="bbox 144 597 1298 1117">
    <p class='ocr_par' dir='ltr' id='par_1_2' title="bbox 144 597 1298 1117">
     <span class='ocr_line' id='line_1_2' title="bbox 146 597 1296 685; baseline 0 -23"><span class='ocrx_word' id='word_1_2' title='bbox 146 598 281 663; x_wconf 86' lang='lat' dir='ltr'><strong>formam</strong></span> <span class='ocrx_word' id='word_1_3' title='bbox 297 597 405 663; x_wconf 84' lang='lat' dir='ltr'><strong>suffixi</strong></span> <span class='ocrx_word' id='word_1_4' title='bbox 426 620 461 677; x_wconf 82' lang='grc' dir='ltr'><strong>ες</strong></span> <span class='ocrx_word' id='word_1_5' title='bbox 474 599 627 665; x_wconf 78' lang='lat' dir='ltr'>exhibent</span> <span class='ocrx_word' id='word_1_6' title='bbox 641 600 803 682; x_wconf 80' lang='lat' dir='ltr'><strong>obtusam3</strong></span> <span class='ocrx_word' id='word_1_7' title='bbox 825 608 938 666; x_wconf 87' lang='lat' dir='ltr'><strong>contra</strong></span> <span class='ocrx_word' id='word_1_8' title='bbox 953 599 987 663; x_wconf 92' lang='lat' dir='ltr'><strong>in</strong></span> <span class='ocrx_word' id='word_1_9' title='bbox 1009 598 1195 685; x_wconf 89' lang='lat' dir='ltr'><strong>compositis</strong></span> <span class='ocrx_word' id='word_1_10' title='bbox 1216 619 1296 684; x_wconf 80' lang='lat' dir='ltr'><strong>neg·</strong></span> 
     </span>
     <span class='ocr_line' id='line_1_3' title="bbox 144 706 1298 794; baseline 0 -24"><span class='ocrx_word' id='word_1_11' title='bbox 144 715 226 788; x_wconf 82' lang='lat' dir='ltr'><strong>lecta</strong></span> <span class='ocrx_word' id='word_1_12' title='bbox 237 707 444 793; x_wconf 89' lang='lat' dir='ltr'><strong>productione</strong></span> <span class='ocrx_word' id='word_1_13' title='bbox 466 717 612 773; x_wconf 89' lang='lat' dir='ltr'><strong>servatur</strong></span> <span class='ocrx_word' id='word_1_14' title='bbox 633 707 686 773; x_wconf 94' lang='lat' dir='ltr'><strong>illa</strong></span> <span class='ocrx_word' id='word_1_15' title='bbox 694 708 829 794; x_wconf 85' lang='lat' dir='ltr'><strong>integra.</strong></span> <span class='ocrx_word' id='word_1_16' title='bbox 851 745 890 757; x_wconf 90' lang='lat'>-</span> <span class='ocrx_word' id='word_1_17' title='bbox 916 706 1008 786; x_wconf 84' lang='lat' dir='ltr'><strong>Quae</strong></span> <span class='ocrx_word' id='word_1_18' title='bbox 1020 729 1093 771; x_wconf 87' lang='lat' dir='ltr'><strong>cum</strong></span> <span class='ocrx_word' id='word_1_19' title='bbox 1105 707 1151 771; x_wconf 88' lang='lat' dir='ltr'><strong>ita</strong></span> <span class='ocrx_word' id='word_1_20' title='bbox 1161 707 1226 771; x_wconf 91' lang='lat' dir='ltr'><strong>sint</strong></span> <span class='ocrx_word' id='word_1_21' title='bbox 1241 706 1298 770; x_wconf 85' lang='lat' dir='ltr'><strong>vix</strong></span> 
     </span>
     <span class='ocr_line' id='line_1_4' title="bbox 145 814 1297 903; baseline 0 -26"><span class='ocrx_word' id='word_1_22' title='bbox 145 836 270 897; x_wconf 87' lang='lat' dir='ltr'><strong>vereor,</strong></span> <span class='ocrx_word' id='word_1_23' title='bbox 292 837 332 879; x_wconf 89' lang='lat' dir='ltr'><strong>nc</strong></span> <span class='ocrx_word' id='word_1_24' title='bbox 355 815 425 901; x_wconf 92' lang='lat' dir='ltr'><strong>quis</strong></span> <span class='ocrx_word' id='word_1_25' title='bbox 447 815 569 880; x_wconf 81' lang='lat' dir='ltr'><strong>crimini</strong></span> <span class='ocrx_word' id='word_1_26' title='bbox 593 816 669 880; x_wconf 92' lang='lat' dir='ltr'><strong>mibi</strong></span> <span class='ocrx_word' id='word_1_27' title='bbox 691 825 804 897; x_wconf 85' lang='lat' dir='ltr'><strong>vertat,</strong></span> <span class='ocrx_word' id='word_1_28' title='bbox 827 814 912 902; x_wconf 91' lang='lat' dir='ltr'><strong>quod</strong></span> <span class='ocrx_word' id='word_1_29' title='bbox 932 814 1006 880; x_wconf 88' lang='lat' dir='ltr'><strong>huic</strong></span> <span class='ocrx_word' id='word_1_30' title='bbox 1030 816 1136 903; x_wconf 91' lang='lat' dir='ltr'><strong>potius</strong></span> <span class='ocrx_word' id='word_1_31' title='bbox 1157 815 1297 900; x_wconf 86' lang='lat' dir='ltr'><strong>particu-</strong></span> 
     </span>
     <span class='ocr_line' id='line_1_5' title="bbox 144 921 1298 1011; baseline 0.002 -25"><span class='ocrx_word' id='word_1_32' title='bbox 144 921 194 986; x_wconf 88' lang='lat' dir='ltr'><strong>lae</strong></span> <span class='ocrx_word' id='word_1_33' title='bbox 227 944 322 1008; x_wconf 90' lang='lat' dir='ltr'><strong>quam</strong></span> <span class='ocrx_word' id='word_1_34' title='bbox 354 924 554 989; x_wconf 74' lang='lat' dir='ltr'><strong>antecedenti</strong></span> <span class='ocrx_word' id='word_1_35' title='bbox 591 933 761 1011; x_wconf 88' lang='lat' dir='ltr'><strong>utrumque</strong></span> <span class='ocrx_word' id='word_1_36' title='bbox 806 923 883 988; x_wconf 89' lang='lat' dir='ltr'><strong>illud</strong></span> <span class='ocrx_word' id='word_1_37' title='bbox 914 925 1162 1010; x_wconf 84' lang='lat' dir='ltr'><strong>compositorum</strong></span> <span class='ocrx_word' id='word_1_38' title='bbox 1191 943 1298 1007; x_wconf 85' lang='lat' dir='ltr'><strong>genus</strong></span> 
     </span>
     <span class='ocr_line' id='line_1_6' title="bbox 145 1029 501 1117; baseline 0.003 -23"><span class='ocrx_word' id='word_1_39' title='bbox 145 1029 318 1094; x_wconf 82' lang='lat' dir='ltr'><strong>attribuere</strong></span> <span class='ocrx_word' id='word_1_40' title='bbox 340 1031 501 1117; x_wconf 85' lang='lat' dir='ltr'><strong>placuerit.</strong></span> 
     </span>
    </p>
   </div>
   <div class='ocr_carea' id='block_1_3' title="bbox 144 1337 1300 1511">
    <p class='ocr_par' dir='ltr' id='par_1_3' title="bbox 144 1337 1300 1511">
     <span class='ocr_line' id='line_1_7' title="bbox 144 1337 1300 1426; baseline 0.001 -24"><span class='ocrx_word' id='word_1_41' title='bbox 144 1338 234 1418; x_wconf 66' lang='lat'><strong>§34</strong></span> <span class='ocrx_word' id='word_1_42' title='bbox 278 1337 487 1425; x_wconf 84' lang='lat' dir='ltr'><strong>Epithete</strong></span> <span class='ocrx_word' id='word_1_43' title='bbox 517 1361 535 1402; x_wconf 91' lang='lat' dir='ltr'><strong>e</strong></span> <span class='ocrx_word' id='word_1_44' title='bbox 567 1339 726 1404; x_wconf 89' lang='lat' dir='ltr'><strong>duobus</strong></span> <span class='ocrx_word' id='word_1_45' title='bbox 756 1339 1043 1403; x_wconf 82' lang='lat' dir='ltr'><strong>substantivis</strong></span> <span class='ocrx_word' id='word_1_46' title='bbox 1064 1340 1300 1426; x_wconf 88' lang='lat' dir='ltr'><strong>composita</strong></span> 
     </span>
     <span class='ocr_line' id='line_1_8' title="bbox 664 1458 770 1511; baseline -0.009 0"><span class='ocrx_word' id='word_1_47' title='bbox 664 1458 770 1511; x_wconf 89' lang='lat' dir='ltr'><strong>sunt.</strong></span> 
     </span>
    </p>
   </div>
   <div class='ocr_carea' id='block_1_4' title="bbox 197 1594 1245 1770">
    <p class='ocr_par' dir='ltr' id='par_1_4' title="bbox 197 1594 1245 1770">
     <span class='ocr_line' id='line_1_9' title="bbox 197 1594 1245 1684; baseline 0 -24"><span class='ocrx_word' id='word_1_48' title='bbox 197 1600 224 1660; x_wconf 91' lang='lat'><strong>1.</strong></span> <span class='ocrx_word' id='word_1_49' title='bbox 269 1595 484 1663; x_wconf 61' lang='lat' dir='ltr'><strong>&amp;mandorum</strong></span> <span class='ocrx_word' id='word_1_50' title='bbox 505 1597 713 1662; x_wconf 63' lang='lat' dir='ltr'><strong>membrorum,</strong></span> <span class='ocrx_word' id='word_1_51' title='bbox 741 1596 857 1684; x_wconf 80' lang='lat' dir='ltr'><strong>stirpes</strong></span> <span class='ocrx_word' id='word_1_52' title='bbox 876 1597 912 1661; x_wconf 79' lang='lat' dir='ltr'><strong>eit</strong></span> <span class='ocrx_word' id='word_1_53' title='bbox 933 1595 1072 1661; x_wconf 79' lang='grc' dir='ltr'><strong><em>υαεαλαυν</em></strong></span> <span class='ocrx_word' id='word_1_54' title='bbox 1105 1594 1245 1660; x_wconf 79' lang='lat' dir='ltr'><strong>litteram</strong></span> 
     </span>
     <span class='ocr_line' id='line_1_10' title="bbox 658 1718 780 1770; baseline -0.016 0"><span class='ocrx_word' id='word_1_55' title='bbox 658 1718 780 1770; x_wconf 77' lang='lat' dir='ltr'><strong>eaeeunt.</strong></span> 
     </span>
    </p>
   </div>
   <div class='ocr_carea' id='block_1_5' title="bbox 144 1851 1301 3895">
    <p class='ocr_par' dir='ltr' id='par_1_5' title="bbox 144 1851 1301 3895">
     <span class='ocr_line' id='line_1_11' title="bbox 228 1851 1299 1949; baseline -0.002 -23"><span class='ocrx_word' id='word_1_56' title='bbox 228 1851 442 1949; x_wconf 65' lang='lat' dir='ltr'><strong>artuatimque</strong></span> <span class='ocrx_word' id='word_1_57' title='bbox 470 1861 616 1948; x_wconf 82' lang='grc' dir='ltr'><strong><em>(πιέρον)</em></strong></span> <span class='ocrx_word' id='word_1_58' title='bbox 640 1885 647 1926; x_wconf 90' lang='lat'>:</span> <span class='ocrx_word' id='word_1_59' title='bbox 670 1860 727 1927; x_wconf 91' lang='lat' dir='ltr'><strong>Or.</strong></span> <span class='ocrx_word' id='word_1_60' title='bbox 761 1863 859 1930; x_wconf 80' lang='lat'>1386*</span> <span class='ocrx_word' id='word_1_61' title='bbox 891 1866 924 1946; x_wconf 67' lang='grc' dir='ltr'><strong>(ξ</strong></span> <span class='ocrx_word' id='word_1_62' title='bbox 947 1861 1013 1949; x_wconf 80' lang='grc'><strong>72).</strong></span> <span class='ocrx_word' id='word_1_63' title='bbox 1038 1899 1071 1910; x_wconf 93' lang='grc'>-</span> <span class='ocrx_word' id='word_1_64' title='bbox 1097 1853 1299 1946; x_wconf 82' lang='grc' dir='ltr'><strong><em>λαχνόγυιος,</em></strong></span> 
     </span>
     <span class='ocr_line' id='line_1_12' title="bbox 146 1966 1300 2055; baseline -0.002 -21"><span class='ocrx_word' id='word_1_65' title='bbox 146 1970 323 2035; x_wconf 89' lang='lat' dir='ltr'><strong>certissima</strong></span> <span class='ocrx_word' id='word_1_66' title='bbox 344 1970 467 2036; x_wconf 88' lang='lat' dir='ltr'><strong>Reiskii</strong></span> <span class='ocrx_word' id='word_1_67' title='bbox 491 1971 675 2055; x_wconf 79' lang='lat' dir='ltr'><strong>conjectura</strong></span> <span class='ocrx_word' id='word_1_68' title='bbox 705 1970 744 2034; x_wconf 89' lang='lat' dir='ltr'><strong>ad</strong></span> <span class='ocrx_word' id='word_1_69' title='bbox 766 1969 840 2034; x_wconf 80' lang='lat' dir='ltr'><strong>Hel.</strong></span> <span class='ocrx_word' id='word_1_70' title='bbox 863 1970 958 2047; x_wconf 80' lang='lat'><strong>378*,</strong></span> <span class='ocrx_word' id='word_1_71' title='bbox 980 1969 1034 2034; x_wconf 92' lang='lat' dir='ltr'><strong>ubi</strong></span> <span class='ocrx_word' id='word_1_72' title='bbox 1058 1969 1153 2034; x_wconf 83' lang='lat' dir='ltr'><strong>scribi</strong></span> <span class='ocrx_word' id='word_1_73' title='bbox 1173 1966 1226 2032; x_wconf 87' lang='lat' dir='ltr'><strong>ille</strong></span> <span class='ocrx_word' id='word_1_74' title='bbox 1244 1967 1300 2054; x_wconf 91' lang='lat' dir='ltr'><strong>ju·</strong></span> 
     </span>
     <span class='ocr_line' id='line_1_13' title="bbox 146 2068 1301 2167; baseline -0.003 -24"><span class='ocrx_word' id='word_1_75' title='bbox 146 2077 200 2143; x_wconf 91' lang='lat' dir='ltr'><strong>bet</strong></span> <span class='ocrx_word' id='word_1_76' title='bbox 221 2101 228 2143; x_wconf 90' lang='lat'><strong>:</strong></span> <span class='ocrx_word' id='word_1_77' title='bbox 250 2079 370 2167; x_wconf 75' lang='grc' dir='ltr'><strong><em>μορφᾷ</em></strong></span> <span class='ocrx_word' id='word_1_78' title='bbox 388 2083 503 2165; x_wconf 67' lang='grc' dir='ltr'><strong><em>θηροῖν</em></strong></span> <span class='ocrx_word' id='word_1_79' title='bbox 525 2077 718 2164; x_wconf 73' lang='grc' dir='ltr'><strong><em>λαχνογυίων</em></strong></span> <span class='ocrx_word' id='word_1_80' title='bbox 746 2101 804 2166; x_wconf 94' lang='lat' dir='ltr'><strong>pro</strong></span> <span class='ocrx_word' id='word_1_81' title='bbox 826 2073 927 2161; x_wconf 79' lang='grc' dir='ltr'><strong><em>λάχνα</em></strong></span> <span class='ocrx_word' id='word_1_82' title='bbox 945 2079 1050 2163; x_wconf 84' lang='grc' dir='ltr'><strong><em>γυίων.</em></strong></span> <span class='ocrx_word' id='word_1_83' title='bbox 1075 2117 1112 2128; x_wconf 91' lang='lat'>-</span> <span class='ocrx_word' id='word_1_84' title='bbox 1135 2068 1301 2161; x_wconf 73' lang='grc' dir='ltr'><strong><em>ἄγραυλος</em></strong></span> 
     </span>
     <span class='ocr_line' id='line_1_14' title="bbox 147 2175 1296 2275; baseline -0.001 -24"><span class='ocrx_word' id='word_1_85' title='bbox 147 2175 259 2273; x_wconf 68' lang='lat' dir='ltr'><strong>(ciiii)</strong></span> <span class='ocrx_word' id='word_1_86' title='bbox 294 2211 406 2275; x_wconf 77' lang='lat' dir='ltr'><strong>aprum</strong></span> <span class='ocrx_word' id='word_1_87' title='bbox 435 2212 498 2274; x_wconf 81' lang='lat' dir='ltr'><strong>pro</strong></span> <span class='ocrx_word' id='word_1_88' title='bbox 531 2187 693 2252; x_wconf 78' lang='lat' dir='ltr'><strong>domicilio</strong></span> <span class='ocrx_word' id='word_1_89' title='bbox 724 2187 858 2267; x_wconf 77' lang='lat' dir='ltr'><strong>habena,</strong></span> <span class='ocrx_word' id='word_1_90' title='bbox 890 2188 947 2252; x_wconf 80' lang='lat' dir='ltr'><strong>sub</strong></span> <span class='ocrx_word' id='word_1_91' title='bbox 980 2186 1055 2251; x_wconf 79' lang='lat' dir='ltr'><strong>divo</strong></span> <span class='ocrx_word' id='word_1_92' title='bbox 1071 2199 1296 2274; x_wconf 80' lang='lat' dir='ltr'><strong>pernoctans:</strong></span> 
     </span>
     <span class='ocr_line' id='line_1_15' title="bbox 144 2284 1301 2380; baseline 0 -22"><span class='ocrx_word' id='word_1_93' title='bbox 144 2293 262 2358; x_wconf 81' lang='lat' dir='ltr'><strong>Bacch.</strong></span> <span class='ocrx_word' id='word_1_94' title='bbox 288 2295 386 2359; x_wconf 79' lang='lat'>1188*</span> <span class='ocrx_word' id='word_1_95' title='bbox 407 2287 475 2380; x_wconf 73' lang='grc' dir='ltr'><strong>θήρ</strong></span> <span class='ocrx_word' id='word_1_96' title='bbox 491 2286 671 2380; x_wconf 54' lang='lat' dir='ltr'><strong>cipriani-cm</strong></span> <span class='ocrx_word' id='word_1_97' title='bbox 694 2294 896 2377; x_wconf 82' lang='grc' dir='ltr'><strong>ε1.Ε1.342;</strong></span> <span class='ocrx_word' id='word_1_98' title='bbox 917 2297 993 2362; x_wconf 83' lang='lat' dir='ltr'><strong>Jcn.</strong></span> <span class='ocrx_word' id='word_1_99' title='bbox 1009 2296 1097 2362; x_wconf 56' lang='lat'>883⁴&amp;</span> <span class='ocrx_word' id='word_1_100' title='bbox 1122 2332 1157 2342; x_wconf 89' lang='lat'>-</span> <span class='ocrx_word' id='word_1_101' title='bbox 1180 2284 1301 2378; x_wconf 78' lang='grc' dir='ltr'><strong><em>ταυρό-</em></strong></span> 
     </span>
     <span class='ocr_line' id='line_1_16' title="bbox 144 2393 1301 2495; baseline 0 -28"><span class='ocrx_word' id='word_1_102' title='bbox 144 2422 274 2488; x_wconf 88' lang='grc' dir='ltr'><strong><em>μορφος</em></strong></span> <span class='ocrx_word' id='word_1_103' title='bbox 297 2426 304 2465; x_wconf 91' lang='lat'>:</span> <span class='ocrx_word' id='word_1_104' title='bbox 324 2402 401 2468; x_wconf 82' lang='lat' dir='ltr'><strong>Jon.</strong></span> <span class='ocrx_word' id='word_1_105' title='bbox 442 2405 537 2469; x_wconf 82' lang='grc'><strong>1261*</strong></span> <span class='ocrx_word' id='word_1_106' title='bbox 569 2407 602 2487; x_wconf 65' lang='grc' dir='ltr'><strong>(ξ</strong></span> <span class='ocrx_word' id='word_1_107' title='bbox 633 2404 698 2482; x_wconf 77' lang='grc'><strong>72).</strong></span> <span class='ocrx_word' id='word_1_108' title='bbox 726 2441 757 2450; x_wconf 96' lang='grc'><strong>-</strong></span> <span class='ocrx_word' id='word_1_109' title='bbox 783 2393 1021 2495; x_wconf 59' lang='lat' dir='ltr'><strong>parturirentur:</strong></span> <span class='ocrx_word' id='word_1_110' title='bbox 1044 2401 1163 2467; x_wconf 83' lang='lat' dir='ltr'><strong>Troad.</strong></span> <span class='ocrx_word' id='word_1_111' title='bbox 1198 2403 1301 2468; x_wconf 77' lang='lat'>1113·</span> 
     </span>
     <span class='ocr_line' id='line_1_17' title="bbox 145 2496 1301 2597; baseline 0.001 -22"><span class='ocrx_word' id='word_1_112' title='bbox 145 2501 347 2590; x_wconf 81' lang='grc' dir='ltr'><strong><em>χαλκόπυλον</em></strong></span> <span class='ocrx_word' id='word_1_113' title='bbox 369 2506 455 2575; x_wconf 70' lang='grc' dir='ltr'><strong>θεάν</strong></span> <span class='ocrx_word' id='word_1_114' title='bbox 468 2514 504 2594; x_wconf 86' lang='grc'><strong>1).</strong></span> <span class='ocrx_word' id='word_1_115' title='bbox 528 2548 569 2559; x_wconf 92' lang='lat'>-</span> <span class='ocrx_word' id='word_1_116' title='bbox 589 2496 851 2597; x_wconf 84' lang='grc' dir='ltr'><strong><em>γυναικόμορφος</em></strong></span> <span class='ocrx_word' id='word_1_117' title='bbox 873 2534 880 2575; x_wconf 91' lang='lat'><strong>:</strong></span> <span class='ocrx_word' id='word_1_118' title='bbox 903 2508 1019 2575; x_wconf 88' lang='lat' dir='ltr'><strong>B&#39;acch.</strong></span> <span class='ocrx_word' id='word_1_119' title='bbox 1042 2511 1104 2577; x_wconf 87' lang='grc'><strong>855</strong></span> <span class='ocrx_word' id='word_1_120' title='bbox 1125 2501 1236 2597; x_wconf 76' lang='grc' dir='ltr'><strong><em>χρῄζω</em></strong></span> <span class='ocrx_word' id='word_1_121' title='bbox 1261 2507 1301 2576; x_wconf 78' lang='grc' dir='ltr'><strong>δέ</strong></span> 
     </span>
     <span class='ocr_line' id='line_1_18' title="bbox 145 2609 1294 2708; baseline 0.003 -28"><span class='ocrx_word' id='word_1_122' title='bbox 145 2640 193 2684; x_wconf 89' lang='grc' dir='ltr'><strong>νιν</strong></span> <span class='ocrx_word' id='word_1_123' title='bbox 226 2621 285 2702; x_wconf 86' lang='lat' dir='ltr'><strong>(ec.</strong></span> <span class='ocrx_word' id='word_1_124' title='bbox 309 2617 458 2704; x_wconf 73' lang='grc' dir='ltr'><strong><em>Πενθέα)</em></strong></span> <span class='ocrx_word' id='word_1_125' title='bbox 479 2619 607 2704; x_wconf 76' lang='grc' dir='ltr'><strong><em>γέλωτα</em></strong></span> <span class='ocrx_word' id='word_1_126' title='bbox 639 2617 798 2706; x_wconf 80' lang='grc' dir='ltr'><strong><em>Θηβαίοις</em></strong></span> <span class='ocrx_word' id='word_1_127' title='bbox 819 2615 938 2708; x_wconf 79' lang='grc' dir='ltr'><strong><em>ὀφλεῖν</em></strong></span> <span class='ocrx_word' id='word_1_128' title='bbox 957 2609 1232 2704; x_wconf 84' lang='grc' dir='ltr'><strong><em>γυναικόμορφον.</em></strong></span> <span class='ocrx_word' id='word_1_129' title='bbox 1258 2656 1294 2666; x_wconf 94' lang='grc'><strong>-</strong></span> 
     </span>
     <span class='ocr_line' id='line_1_19' title="bbox 145 2720 1298 2816; baseline 0.003 -26"><span class='ocrx_word' id='word_1_130' title='bbox 145 2726 199 2791; x_wconf 94' lang='lat' dir='ltr'><strong>Ab</strong></span> <span class='ocrx_word' id='word_1_131' title='bbox 232 2725 280 2789; x_wconf 93' lang='lat' dir='ltr'><strong>his</strong></span> <span class='ocrx_word' id='word_1_132' title='bbox 311 2727 512 2813; x_wconf 77' lang='lat' dir='ltr'><strong>segreganda</strong></span> <span class='ocrx_word' id='word_1_133' title='bbox 545 2737 619 2792; x_wconf 89' lang='lat' dir='ltr'><strong>suut</strong></span> <span class='ocrx_word' id='word_1_134' title='bbox 650 2723 850 2816; x_wconf 75' lang='grc' dir='ltr'><strong><em>λεοντοφυης</em></strong></span> <span class='ocrx_word' id='word_1_135' title='bbox 884 2720 1009 2815; x_wconf 80' lang='grc' dir='ltr'><strong>(φύη);</strong></span> <span class='ocrx_word' id='word_1_136' title='bbox 1044 2726 1161 2792; x_wconf 88' lang='lat' dir='ltr'><strong>Bacch.</strong></span> <span class='ocrx_word' id='word_1_137' title='bbox 1198 2727 1298 2808; x_wconf 74' lang='lat'>1196*</span> 
     </span>
     <span class='ocr_line' id='line_1_20' title="bbox 146 2828 1296 2924; baseline 0.001 -26"><span class='ocrx_word' id='word_1_138' title='bbox 146 2828 248 2918; x_wconf 69' lang='grc' dir='ltr'><strong><em>ἄγραν</em></strong></span> <span class='ocrx_word' id='word_1_139' title='bbox 270 2831 451 2920; x_wconf 77' lang='grc' dir='ltr'><strong><em>λεοντοφυῆ</em></strong></span> <span class='ocrx_word' id='word_1_140' title='bbox 490 2845 538 2920; x_wconf 89' lang='lat' dir='ltr'><strong>et,</strong></span> <span class='ocrx_word' id='word_1_141' title='bbox 573 2837 607 2899; x_wconf 92' lang='lat' dir='ltr'><strong>in</strong></span> <span class='ocrx_word' id='word_1_142' title='bbox 639 2857 702 2922; x_wconf 90' lang='lat' dir='ltr'><strong>quo</strong></span> <span class='ocrx_word' id='word_1_143' title='bbox 723 2837 798 2900; x_wconf 91' lang='lat' dir='ltr'><strong>item</strong></span> <span class='ocrx_word' id='word_1_144' title='bbox 821 2837 953 2924; x_wconf 89' lang='lat' dir='ltr'><strong>stirpem</strong></span> <span class='ocrx_word' id='word_1_145' title='bbox 977 2859 998 2900; x_wconf 90' lang='grc' dir='ltr'><strong><em>α</em></strong></span> <span class='ocrx_word' id='word_1_146' title='bbox 1021 2835 1068 2922; x_wconf 83' lang='grc' dir='ltr'><strong>(η)</strong></span> <span class='ocrx_word' id='word_1_147' title='bbox 1091 2833 1296 2899; x_wconf 87' lang='lat' dir='ltr'><strong>terminatam</strong></span> 
     </span>
     <span class='ocr_line' id='line_1_21' title="bbox 144 2935 1297 3030; baseline 0.003 -25"><span class='ocrx_word' id='word_1_148' title='bbox 144 2941 295 3006; x_wconf 83' lang='lat' dir='ltr'><strong>suffixum</strong></span> <span class='ocrx_word' id='word_1_149' title='bbox 328 2963 362 3017; x_wconf 87' lang='grc' dir='ltr'><strong>ες</strong></span> <span class='ocrx_word' id='word_1_150' title='bbox 394 2943 609 3030; x_wconf 85' lang='lat' dir='ltr'><strong>adsumpsisse</strong></span> <span class='ocrx_word' id='word_1_151' title='bbox 642 2943 803 3027; x_wconf 89' lang='lat' dir='ltr'><strong>videmus,</strong></span> <span class='ocrx_word' id='word_1_152' title='bbox 846 2935 1011 3029; x_wconf 72' lang='grc' dir='ltr'><strong><em>α’νεμολκης</em></strong></span> <span class='ocrx_word' id='word_1_153' title='bbox 1033 2965 1040 3007; x_wconf 90' lang='lat'><strong>:</strong></span> <span class='ocrx_word' id='word_1_154' title='bbox 1064 2941 1187 3008; x_wconf 91' lang='lat' dir='ltr'><strong>Phoen.</strong></span> <span class='ocrx_word' id='word_1_155' title='bbox 1218 2943 1297 3009; x_wconf 79' lang='lat'>163*</span> 
     </span>
     <span class='ocr_line' id='line_1_22' title="bbox 145 3043 1296 3140; baseline -0.002 -25"><span class='ocrx_word' id='word_1_156' title='bbox 145 3043 329 3131; x_wconf 74' lang='grc' dir='ltr'><strong><em>ἀνεμώκεος</em></strong></span> <span class='ocrx_word' id='word_1_157' title='bbox 350 3051 428 3117; x_wconf 77' lang='grc' dir='ltr'><strong><em>εἴθε</em></strong></span> <span class='ocrx_word' id='word_1_158' title='bbox 450 3044 572 3140; x_wconf 82' lang='grc' dir='ltr'><strong><em>δρόμον</em></strong></span> <span class='ocrx_word' id='word_1_159' title='bbox 592 3051 730 3139; x_wconf 76' lang='grc' dir='ltr'><strong><em>νεφέλας</em></strong></span> <span class='ocrx_word' id='word_1_160' title='bbox 751 3045 847 3118; x_wconf 76' lang='grc' dir='ltr'><strong><em>ποσὶν</em></strong></span> <span class='ocrx_word' id='word_1_161' title='bbox 868 3043 1068 3134; x_wconf 78' lang='grc' dir='ltr'><strong><em>ἐξανύσαιμι.</em></strong></span> <span class='ocrx_word' id='word_1_162' title='bbox 1112 3048 1296 3116; x_wconf 81' lang='lat' dir='ltr'><strong>Secundam</strong></span> 
     </span>
     <span class='ocr_line' id='line_1_23' title="bbox 146 3153 1297 3248; baseline 0 -25"><span class='ocrx_word' id='word_1_163' title='bbox 146 3159 230 3223; x_wconf 90' lang='lat' dir='ltr'><strong>enim</strong></span> <span class='ocrx_word' id='word_1_164' title='bbox 257 3157 350 3246; x_wconf 92' lang='lat' dir='ltr'><strong>hujus</strong></span> <span class='ocrx_word' id='word_1_165' title='bbox 382 3171 507 3247; x_wconf 89' lang='lat' dir='ltr'><strong>partem</strong></span> <span class='ocrx_word' id='word_1_166' title='bbox 528 3184 547 3225; x_wconf 90' lang='lat' dir='ltr'><strong>a</strong></span> <span class='ocrx_word' id='word_1_167' title='bbox 569 3183 647 3225; x_wconf 87' lang='lat' dir='ltr'><strong>voce</strong></span> <span class='ocrx_word' id='word_1_168' title='bbox 671 3153 739 3246; x_wconf 78' lang='grc' dir='ltr'><strong>ἠκή,</strong></span> <span class='ocrx_word' id='word_1_169' title='bbox 761 3155 823 3248; x_wconf 74' lang='grc' dir='ltr'><strong>ἄκη</strong></span> <span class='ocrx_word' id='word_1_170' title='bbox 843 3171 973 3247; x_wconf 86' lang='lat' dir='ltr'><strong>repeto,</strong></span> <span class='ocrx_word' id='word_1_171' title='bbox 996 3180 1078 3247; x_wconf 89' lang='lat' dir='ltr'><strong>quae</strong></span> <span class='ocrx_word' id='word_1_172' title='bbox 1099 3160 1178 3224; x_wconf 90' lang='lat' dir='ltr'><strong>latet</strong></span> <span class='ocrx_word' id='word_1_173' title='bbox 1199 3159 1297 3223; x_wconf 90' lang='lat' dir='ltr'><strong>etiam</strong></span> 
     </span>
     <span class='ocr_line' id='line_1_24' title="bbox 145 3257 1297 3356; baseline 0.003 -27"><span class='ocrx_word' id='word_1_174' title='bbox 145 3268 178 3330; x_wconf 91' lang='lat' dir='ltr'><strong>in</strong></span> <span class='ocrx_word' id='word_1_175' title='bbox 201 3260 351 3353; x_wconf 77' lang='grc' dir='ltr'><strong><em>ποδώκης</em></strong></span> <span class='ocrx_word' id='word_1_176' title='bbox 375 3278 406 3333; x_wconf 91' lang='lat' dir='ltr'><strong>et</strong></span> <span class='ocrx_word' id='word_1_177' title='bbox 427 3257 579 3356; x_wconf 76' lang='grc' dir='ltr'><strong><em>αἷμφηκης</em></strong></span> <span class='ocrx_word' id='word_1_178' title='bbox 601 3272 634 3352; x_wconf 62' lang='grc' dir='ltr'><strong>(ξ</strong></span> <span class='ocrx_word' id='word_1_179' title='bbox 650 3271 717 3346; x_wconf 85' lang='grc'>54).</span> <span class='ocrx_word' id='word_1_180' title='bbox 760 3268 861 3350; x_wconf 85' lang='lat' dir='ltr'><strong>Idem,</strong></span> <span class='ocrx_word' id='word_1_181' title='bbox 883 3267 988 3349; x_wconf 87' lang='lat' dir='ltr'><strong>credo,</strong></span> <span class='ocrx_word' id='word_1_182' title='bbox 1012 3267 1209 3335; x_wconf 87' lang='lat' dir='ltr'><strong>Schirlitaius</strong></span> <span class='ocrx_word' id='word_1_183' title='bbox 1225 3268 1297 3356; x_wconf 88' lang='lat' dir='ltr'><strong>jam</strong></span> 
     </span>
     <span class='ocr_line' id='line_1_25' title="bbox 146 3374 1296 3464; baseline 0 -27"><span class='ocrx_word' id='word_1_184' title='bbox 146 3374 255 3456; x_wconf 88' lang='lat' dir='ltr'><strong>sensit,</strong></span> <span class='ocrx_word' id='word_1_185' title='bbox 278 3377 397 3463; x_wconf 88' lang='lat' dir='ltr'><strong>quippe</strong></span> <span class='ocrx_word' id='word_1_186' title='bbox 420 3378 474 3464; x_wconf 92' lang='lat' dir='ltr'><strong>qui</strong></span> <span class='ocrx_word' id='word_1_187' title='bbox 497 3377 576 3459; x_wconf 89' lang='lat' dir='ltr'><strong>loco,</strong></span> <span class='ocrx_word' id='word_1_188' title='bbox 599 3398 663 3464; x_wconf 90' lang='lat' dir='ltr'><strong>quo</strong></span> <span class='ocrx_word' id='word_1_189' title='bbox 679 3377 731 3441; x_wconf 86' lang='lat' dir='ltr'><strong>illa</strong></span> <span class='ocrx_word' id='word_1_190' title='bbox 746 3378 953 3460; x_wconf 85' lang='lat' dir='ltr'><strong>enumeravit,</strong></span> <span class='ocrx_word' id='word_1_191' title='bbox 976 3377 1052 3440; x_wconf 88' lang='lat' dir='ltr'><strong>satis</strong></span> <span class='ocrx_word' id='word_1_192' title='bbox 1066 3374 1296 3460; x_wconf 63' lang='lat' dir='ltr'><strong>indicaverim)</strong></span> 
     </span>
     <span class='ocr_line' id='line_1_26' title="bbox 147 3481 1297 3574; baseline 0.002 -29"><span class='ocrx_word' id='word_1_193' title='bbox 147 3481 380 3548; x_wconf 87' lang='lat' dir='ltr'><strong>substantivum</strong></span> <span class='ocrx_word' id='word_1_194' title='bbox 404 3507 438 3574; x_wconf 88' lang='lat' dir='ltr'><strong>se</strong></span> <span class='ocrx_word' id='word_1_195' title='bbox 461 3484 612 3548; x_wconf 90' lang='lat' dir='ltr'><strong>membris</strong></span> <span class='ocrx_word' id='word_1_196' title='bbox 645 3506 757 3549; x_wconf 87' lang='lat' dir='ltr'><strong>eorum</strong></span> <span class='ocrx_word' id='word_1_197' title='bbox 779 3484 927 3550; x_wconf 89' lang='lat' dir='ltr'><strong>secundis</strong></span> <span class='ocrx_word' id='word_1_198' title='bbox 959 3483 1091 3548; x_wconf 85' lang='lat' dir='ltr'><strong>subesse</strong></span> <span class='ocrx_word' id='word_1_199' title='bbox 1113 3481 1297 3548; x_wconf 88' lang='lat' dir='ltr'><strong>existimare</strong></span> 
     </span>
     <span class='ocr_line' id='line_1_27' title="bbox 146 3583 1297 3680; baseline 0.003 -27"><span class='ocrx_word' id='word_1_200' title='bbox 146 3612 207 3654; x_wconf 89' lang='lat' dir='ltr'><strong>nec</strong></span> <span class='ocrx_word' id='word_1_201' title='bbox 229 3612 320 3676; x_wconf 83' lang='lat' dir='ltr'><strong>vero,</strong></span> <span class='ocrx_word' id='word_1_202' title='bbox 353 3601 388 3656; x_wconf 93' lang='lat' dir='ltr'><strong>ut</strong></span> <span class='ocrx_word' id='word_1_203' title='bbox 421 3601 514 3656; x_wconf 89' lang='lat' dir='ltr'><strong>antea</strong></span> <span class='ocrx_word' id='word_1_204' title='bbox 536 3593 740 3676; x_wconf 85' lang='lat' dir='ltr'><strong>sumebatur,</strong></span> <span class='ocrx_word' id='word_1_205' title='bbox 763 3590 953 3679; x_wconf 86' lang='lat' dir='ltr'><strong>adjectivum</strong></span> <span class='ocrx_word' id='word_1_206' title='bbox 975 3583 1071 3667; x_wconf 77' lang='grc' dir='ltr'><strong><em>ὠκύς.</em></strong></span> <span class='ocrx_word' id='word_1_207' title='bbox 1114 3589 1181 3658; x_wconf 85' lang='lat' dir='ltr'><strong>Sed</strong></span> <span class='ocrx_word' id='word_1_208' title='bbox 1202 3591 1297 3680; x_wconf 89' lang='lat' dir='ltr'><strong>quale</strong></span> 
     </span>
     <span class='ocr_line' id='line_1_28' title="bbox 146 3696 1297 3788; baseline 0.002 -27"><span class='ocrx_word' id='word_1_209' title='bbox 146 3696 186 3762; x_wconf 91' lang='lat' dir='ltr'><strong>sit</strong></span> <span class='ocrx_word' id='word_1_210' title='bbox 214 3696 290 3762; x_wconf 90' lang='lat' dir='ltr'><strong>iliud</strong></span> <span class='ocrx_word' id='word_1_211' title='bbox 324 3700 557 3764; x_wconf 88' lang='lat' dir='ltr'><strong>substantivum</strong></span> <span class='ocrx_word' id='word_1_212' title='bbox 590 3722 654 3764; x_wconf 87' lang='lat' dir='ltr'><strong>nun</strong></span> <span class='ocrx_word' id='word_1_213' title='bbox 678 3698 816 3765; x_wconf 90' lang='lat' dir='ltr'><strong>ostendit</strong></span> <span class='ocrx_word' id='word_1_214' title='bbox 848 3701 898 3764; x_wconf 87' lang='lat' dir='ltr'><strong>vir</strong></span> <span class='ocrx_word' id='word_1_215' title='bbox 930 3699 1139 3764; x_wconf 89' lang='lat' dir='ltr'><strong>doctissimus.</strong></span> <span class='ocrx_word' id='word_1_216' title='bbox 1182 3697 1297 3788; x_wconf 87' lang='lat' dir='ltr'><strong>Itaque</strong></span> 
     </span>
     <span class='ocr_line' id='line_1_29' title="bbox 147 3792 1297 3895; baseline 0.002 -26"><span class='ocrx_word' id='word_1_217' title='bbox 147 3803 189 3869; x_wconf 87' lang='lat' dir='ltr'><strong>ab</strong></span> <span class='ocrx_word' id='word_1_218' title='bbox 221 3792 282 3892; x_wconf 75' lang='grc' dir='ltr'><strong>αἰνή</strong></span> <span class='ocrx_word' id='word_1_219' title='bbox 316 3807 342 3870; x_wconf 92' lang='lat' dir='ltr'><strong>si</strong></span> <span class='ocrx_word' id='word_1_220' title='bbox 372 3828 448 3870; x_wconf 89' lang='lat' dir='ltr'><strong>vere</strong></span> <span class='ocrx_word' id='word_1_221' title='bbox 479 3806 532 3871; x_wconf 84' lang='lat' dir='ltr'><strong>illa</strong></span> <span class='ocrx_word' id='word_1_222' title='bbox 564 3806 710 3895; x_wconf 87' lang='lat' dir='ltr'><strong>profecta</strong></span> <span class='ocrx_word' id='word_1_223' title='bbox 731 3817 806 3871; x_wconf 88' lang='lat' dir='ltr'><strong>sunt</strong></span> <span class='ocrx_word' id='word_1_224' title='bbox 837 3829 950 3872; x_wconf 90' lang='lat' dir='ltr'><strong>sensus</strong></span> <span class='ocrx_word' id='word_1_225' title='bbox 984 3815 1033 3872; x_wconf 90' lang='lat' dir='ltr'><strong>est</strong></span> <span class='ocrx_word' id='word_1_226' title='bbox 1053 3807 1297 3894; x_wconf 85' lang='lat' dir='ltr'><strong>epithetomm:</strong></span> 
     </span>
    </p>
   </div>
   <div class='ocr_carea' id='block_1_6' title="bbox 218 4104 1300 4189">
    <p class='ocr_par' dir='ltr' id='par_1_6' title="bbox 218 4104 1300 4189">
     <span class='ocr_line' id='line_1_30' title="bbox 218 4104 1300 4189; baseline 0.007 -31"><span class='ocrx_word' id='word_1_227' title='bbox 218 4107 237 4175; x_wconf 91' lang='lat'><strong>¹)</strong></span> <span class='ocrx_word' id='word_1_228' title='bbox 257 4109 401 4160; x_wconf 75' lang='lat' dir='ltr'><strong>Scholiasta</strong></span> <span class='ocrx_word' id='word_1_229' title='bbox 433 4110 540 4161; x_wconf 70' lang='lat' dir='ltr'><strong>sanotae</strong></span> <span class='ocrx_word' id='word_1_230' title='bbox 564 4128 571 4160; x_wconf 74' lang='grc' dir='ltr'><em>τ</em></span> <span class='ocrx_word' id='word_1_231' title='bbox 598 4118 654 4166; x_wconf 70' lang='grc' dir='ltr'><strong>ἔστι</strong></span> <span class='ocrx_word' id='word_1_232' title='bbox 679 4112 708 4166; x_wconf 83' lang='lat' dir='ltr'><strong>dt</strong></span> <span class='ocrx_word' id='word_1_233' title='bbox 732 4108 780 4183; x_wconf 71' lang='grc' dir='ltr'><strong>τῆς</strong></span> <span class='ocrx_word' id='word_1_234' title='bbox 807 4115 961 4186; x_wconf 69' lang='grc' dir='ltr'><strong><em>χαλκιοίκου</em></strong></span> <span class='ocrx_word' id='word_1_235' title='bbox 989 4108 1105 4185; x_wconf 65' lang='grc' dir='ltr'><strong><em>Ἀθηνᾶς</em></strong></span> <span class='ocrx_word' id='word_1_236' title='bbox 1138 4117 1164 4166; x_wconf 71' lang='grc' dir='ltr'><strong>ἐν</strong></span> <span class='ocrx_word' id='word_1_237' title='bbox 1193 4104 1300 4189; x_wconf 78' lang='grc' dir='ltr'><strong><em>Σαᾶριη</em></strong></span> 
     </span>
    </p>
   </div>
   <div class='ocr_carea' id='block_1_7' title="bbox 18 4189 417 4354">
    <p class='ocr_par' dir='ltr' id='par_1_7' title="bbox 18 4189 417 4354">
     <span class='ocr_line' id='line_1_31' title="bbox 18 4189 224 4274; baseline -0.005 -24"><span class='ocrx_word' id='word_1_238' title='bbox 18 4269 20 4274; x_wconf 27' lang='grc' dir='ltr'>Ι</span> <span class='ocrx_word' id='word_1_239' title='bbox 146 4189 224 4265; x_wconf 72' lang='lat' dir='ltr'><strong>inpia·</strong></span> 
     </span>
     <span class='ocr_line' id='line_1_32' title="bbox 217 4286 417 4354; baseline 0 -16"><span class='ocrx_word' id='word_1_240' title='bbox 217 4286 239 4354; x_wconf 69' lang='grc' dir='ltr'><strong><em>ἠ</em></strong></span> <span class='ocrx_word' id='word_1_241' title='bbox 259 4289 273 4339; x_wconf 89' lang='grc'><strong>1.</strong></span> <span class='ocrx_word' id='word_1_242' title='bbox 293 4305 316 4340; x_wconf 89' lang='grc' dir='ltr'><strong>ο.</strong></span> <span class='ocrx_word' id='word_1_243' title='bbox 333 4305 359 4354; x_wconf 91' lang='lat' dir='ltr'><strong>p.</strong></span> <span class='ocrx_word' id='word_1_244' title='bbox 377 4294 417 4338; x_wconf 74' lang='lat'><strong>41.</strong></span> 
     </span>
    </p>
   </div>
   <div class='ocr_carea' id='block_1_8' title="bbox 0 0 1395 4838">
    <p class='ocr_par' dir='ltr' id='par_1_8' title="bbox 0 0 1395 4838">
     <span class='ocr_line' id='line_1_33' title="bbox 0 0 1395 4838; baseline 0 0"><span class='ocrx_word' id='word_1_245' title='bbox 0 0 1395 4838; x_wconf 95' lang='lat' dir='ltr'><strong> </strong></span> 
     </span>
    </p>
   </div>
  </div>
 </body>
</html>
