2738 4830
651 437 873 502 -198-

189 619 227 683 Τ.
248 618 328 683 411*
349 606 566 702 φιλόπλουτον
585 607 726 698 ἅμιλλαν
746 612 898 699 αὔξοντες
917 609 1138 702 μελάθροισι,
1167 617 1253 703 quod
1273 617 1319 681 ille

186 747 245 812 pro
266 717 408 790 πλούτου
429 715 569 806 ἅμιλλαν
580 726 647 789 κτλ.
666 726 784 790 dictum
798 748 866 789 esse
874 725 1008 811 judicat.
1035 763 1068 772 -
1092 725 1152 788 His
1168 725 1202 790 in
1225 745 1320 789 exem·

188 833 248 918 plis
280 833 420 920 epitheta
448 853 574 919 semper
595 833 827 918 dependentiae
855 834 1030 919 composita
1059 843 1167 913 erant3
1201 834 1320 896 unicum

188 949 237 1005 est
256 938 412 1025 τρίπλοον
442 939 554 1024 ζεῦγος
575 940 636 1028 irg.
659 941 893 1026 775l55=spsoir
914 939 1046 1022 ζεῦγος,
1077 940 1111 1004 in
1132 961 1197 1026 quo
1231 939 1320 1004 habes

188 1047 473 1113 determinativum.

607 1726 611 1734 ·
655 1661 776 1805 eir.
804 1722 856 1804 H.

233 1931 392 2017 Epithota
414 1931 580 1999 enuntiati
601 1931 740 1998 relativi
760 1930 814 1997 vol
834 1931 1089 2015 praepositionis
1110 1947 1182 1998 onn
1204 1950 1280 2000 oasn

486 2037 664 2125 pedisequo
685 2040 800 2124 partes
822 2037 1015 2123 suscipiunt

271 2223 291 2302 ᾗ
312 2220 361 2284 84.
404 2219 442 2282 In
464 2219 579 2281 eximio
601 2218 660 2282 hoc
675 2241 739 2305 quo
761 2219 880 2283 nullum
901 2219 967 2281 iere
990 2220 1134 2306 superius
1157 2230 1206 2283 est
1226 2221 1322 2285 brevi-

191 2327 373 2413 loquentiae
402 2348 538 2412 genere,
566 2324 651 2412 quod
672 2348 736 2389 uno
754 2326 892 2413 epitheto
914 2329 1090 2413 composito
1111 2329 1209 2393 totius
1232 2351 1322 2394 enun-

189 2435 258 2500 tiati
279 2436 330 2498 vel
351 2433 597 2521 praepositionis
619 2455 688 2496 cum
712 2455 787 2497 casu
808 2432 982 2520 pedisequo
1004 2437 1163 2500 sententia
1184 2459 1321 2524 compre·

187 2540 352 2624 henditur‚
384 2563 449 2604 non
479 2539 646 2605 mediocris
679 2549 763 2604 certe
785 2543 938 2605 sermonis
962 2541 1079 2608 Graeci
1102 2565 1141 2607 ea
1173 2546 1273 2609 virtus
1294 2554 1323 2608 et

189 2651 384 2736 praestantia
394 2649 542 2731 cernitur,
555 2670 649 2734 quam
665 2647 890 2711 Humboidtius
901 2651 1012 2715 merito
1022 2648 1165 2714 laudavit
1182 2653 1220 2733 ¹).
1243 2651 1322 2716 Nam

188 2755 314 2840 videas,
336 2777 431 2842 quem
446 2748 620 2819 ¹artificiose
642 2756 734 2818 simul
757 2765 789 2819 et
809 2758 933 2818 concise
955 2751 1078 2841 ἡμέραν
1097 2751 1323 2844 ταυροσφᾶγον

190 2861 363 2950 Sophocles
385 2862 468 2926 diem
489 2862 628 2948 appellet
648 2886 708 2947 quo
722 2863 812 2928 boves
825 2877 1005 2928 mactantur
1020 2863 1151 2947 (Trach.
1166 2866 1253 2948 609),
1276 2866 1324 2930 vel

189 2969 365 3054 Aeschylus
386 2960 576 3050 βουθύτους
596 2959 695 3049 τιμάς
715 2971 854 3050 honores,
876 2971 934 3057 qui
950 2972 986 3035 ia
1006 2971 1212 3037 immolandis
1234 2973 1324 3038 bobas

188 3091 353 3142 versantur
375 3077 429 3163 (ci.
454 3074 552 3164 Soph.
575 3077 615 3145 Ο.
639 3077 676 3143 0.
699 3078 796 3160 14953
819 3080 875 3141 Ar.
899 3081 959 3142 Av.
987 3080 1097 3162 1232),
1121 3062 1178 3152 'vel
1201 3080 1323 3166 Euripi-

189 3184 246 3249 des
266 3179 463 3270 οἷμῳίλεκτον
483 3181 578 3269 icida
599 3198 772 3263 cantamen,
794 3187 829 3275 aia
850 3210 910 3271 qao
932 3187 972 3250 ab
993 3201 1127 3273 utroque
1140 3202 1240 3274 porte
1261 3189 1324 3254 ds-

184 3305 317 3378 patatcr
336 3291 471 3375 (Phoen.
488 3292 573 3375 500).
616 3291 686 3357 Nec
708 3294 829 3356 minore
852 3293 977 3357 dicendi
999 3292 1133 3359 audacia
1154 3295 1324 3384 Euripides

188 3399 319 3464 ονααολο
340 3399 379 3463 de
397 3399 542 3485 pulchris
571 3400 679 3464 laterae
709 3400 795 3465 odito
817 3403 957 3465 nominat
979 3396 1144 3478 εὐτέκνους
1163 3398 1324 3490 χρησμούς

186 3505 260 3572 Jon.
282 3508 417 3590 424=xo
438 3507 517 3591 περὶ
541 3505 804 3573 aeternalem.
828 3544 861 3556 -
888 3508 1037 3573 Facilitas
1064 3511 1163 3596 igitur
1185 3523 1219 3576 et
1238 3512 1324 3578 flexi·

186 3615 256 3678 bilis
278 3616 430 3693 sermonis
453 3611 569 3680 Gracci
600 3625 713 3679 natura
734 3639 797 3679 non
819 3617 950 3680 minima
972 3627 1128 3704 exparte
1150 3621 1246 3686 etiem
1268 3621 1324 3686 hac

254 3931 273 3998 ¹)
292 3933 378 3998 Hujus
393 3933 472 3982 verba
487 3939 562 3984 sunt:
582 3934 617 3985 Es
632 3936 784 4002 istoffeobcr
796 3938 950 4005 conprosocr
966 3937 1125 4004 Woetooqtao,
1142 3940 1189 3991 soie
1200 3939 1253 3990 aiei
1269 3942 1323 3990 eisc

184 4018 297 4083 Spracte
314 4020 342 4070 io
359 4022 436 4070 ciuem
459 4020 543 4073 Worte
559 4022 719 4089 dosciiiesst
739 4032 798 4075 stati
814 4023 868 4074 seo
886 4024 931 4074 der
952 4023 1143 4094 Umscireo'banp'
1159 4027 1241 4078 durch
1258 4027 1323 4078 mat-

184 4122 240 4155 rcre
267 4121 298 4155 sos
324 4105 457 4168 bcds'eoeo3
485 4135 517 4143 -
545 4106 590 4159 dos
615 4109 720 4176 ricttipe
746 4109 951 4177 Gleicispesos'cist,
978 4111 1083 4162 welches
1105 4111 1145 4163 die
1172 4112 1322 4181 pecuum

183 4191 294 4258 Sprach
310 4192 391 4243 terto
409 4193 554 4256 bcobaclotet,
572 4195 659 4262 patore
672 4198 757 4264 pewiss
774 4213 805 4250 nos
822 4197 895 4248 ibren
909 4199 1020 4265 prosaicos
1032 4199 1198 4251 setonam·
1211 4198 1321 4266 (Einleit

184 4276 211 4326 in
228 4278 269 4328 die
288 4278 462 4345 Karisprache
480 4280 523 4329 VL
544 4296 568 4346 p.
588 4283 658 4349 327).
