2738 4830
579 464 620 475 -
660 394 779 496 ω’..

139 610 269 697 digeram.
311 610 373 679 His
395 611 479 677 enim
502 620 557 676 aut
588 611 698 677 eadem
732 620 780 676 est
808 633 889 698 quae
911 610 1103 698 simplicibus
1142 611 1254 694 forma,

139 727 180 783 aut
202 718 241 783 ab
264 726 396 784 externa
417 719 605 805 simplicium
628 719 750 807 speeie,
774 739 855 805 quae
877 718 921 782 eis
944 719 1092 801 subsunt,
1114 718 1255 804 aliquan·

138 824 219 893 tulum
238 824 308 913 ipsa
338 824 528 913 discrepant.
584 826 654 891 Nee
682 836 787 890 tamen
818 826 879 891 hoe
895 827 963 913 jam
984 828 1053 893 loeo
1076 826 1255 912 diligentius

138 929 163 994 in
187 931 240 997 hoo
273 932 441 999 discrimen
462 933 685 1018 inqmrendum
706 934 798 998 nobis
820 943 883 1016 est,
918 935 974 999 sed
995 935 1092 999 satius
1114 933 1181 1017 erit,
1202 933 1256 998 ubi

138 1035 167 1101 le
192 1039 377 1106 attributivis
422 1039 561 1105 dicemus
592 1041 627 1123 (ἕ
658 1041 732 1124 27),
761 1043 921 1127 copiosius
953 1040 1029 1106 illud
1063 1042 1254 1122 examinare,

138 1144 235 1234 quippe
256 1145 341 1234 quod
361 1147 473 1213 horum
492 1149 690 1237 potissimum
712 1170 814 1236 paene
837 1149 877 1213 sit
897 1150 1067 1237 proprium.
1111 1149 1256 1213 Alterum

137 1263 225 1319 autem
256 1264 320 1337 est,
353 1254 438 1341 quod
460 1255 679 1331 observatione
702 1256 832 1342 dignum
854 1257 1013 1341 videatur3
1046 1256 1256 1321 differentiam

134 1354 206 1426 illam
225 1370 331 1450 specto
353 1363 435 1428 inter
450 1364 606 1450 asigmata
629 1373 661 1429 et
681 1365 845 1450 sigmatioa
866 1367 1038 1452 composita
1059 1362 1255 1429 interceden-

133 1469 193 1532 tem.
233 1469 319 1535 Nam
339 1469 432 1556 hujus
455 1493 581 1558 quoque
611 1471 643 1536 in
665 1472 881 1560 exemplorum
911 1473 1147 1536 enumeratione
1176 1471 1255 1534 ratio

129 1573 212 1642 nobis
233 1577 379 1643 habenda
402 1579 469 1642 erit.
512 1578 681 1665 Asigmata
702 1581 807 1664 igitur,
831 1579 1001 1644 secundum
1018 1576 1164 1644 Olemmii
1185 1600 1256 1641 aue·

126 1681 294 1768 arietem,
327 1686 502 1773 composita
522 1687 741 1770 nominamus,
776 1708 911 1774 quorum
931 1686 965 1750 in
986 1686 1090 1771 priore
1113 1685 1255 1749 membro

121 1785 216 1879 ⁸tl'l'ps
245 1793 402 1879 quaedam
423 1795 639 1881 praesentialis
661 1794 818 1877 cernitur3
848 1794 1011 1880 sigmatioa
1042 1802 1114 1856 sunt
1135 1814 1256 1879 queea

117 1887 278 1966 debilioris
310 1903 364 1988 qui
395 1911 526 1967 vocatur
557 1904 664 1967 aoristi
686 1903 783 1990 stirpe
815 1901 975 1990 incipiunt.
1020 1899 1255 1967 Commissuree

112 2011 226 2073 autem
259 2010 385 2074 vocales
418 2032 456 2086 α,
479 2031 511 2087 e,
533 2033 546 2075 ι
567 2009 622 2074 ubi
645 2019 816 2097 apparent,
845 2031 970 2094 semper
998 2031 1056 2096 pro
1078 2008 1256 2073 thematicis

108 2116 281 2182 vocalibus
302 2116 469 2183 habendae
491 2127 564 2182 sunt
577 2118 613 2202 ¹).

588 2404 786 2416 ...m-—

669 2613 704 2696 Δ.

577 2818 800 2896 Nominalia.

203 3023 224 3101 ᾖ
248 3019 294 3082 14.
337 3018 494 3083 Absoluta
527 3018 733 3104 generalioris
762 3012 939 3101 argumenti
963 3009 1202 3097 disputationej

130 3124 165 3188 ad
191 3129 262 3213 ipsa
293 3126 444 3189 transitus
475 3125 530 3189 fiat
551 3125 689 3212 epitheta
712 3121 898 3209 Euripides,
931 3123 1014 3183 inter
1040 3139 1121 3203 quae
1142 3139 1257 3202 agmen

132 3231 260 3316 ducant,
282 3254 417 3320 quorum
438 3233 577 3297 secunda
598 3233 740 3296 membra
765 3233 906 3316 integras
929 3227 1118 3311 simplicium
1140 3224 1258 3287 formas

128 3340 283 3406 exhibent.
327 3341 411 3408 Oasu
433 3351 539 3406 autem
569 3341 690 3421 accidit,
713 3338 797 3426 quod
819 3345 944 3424 praeter
970 3328 1175 3406 παυσίπονος
1196 3354 1203 3394 :
1225 3330 1258 3397 J.

127 3446 162 3512 T.
183 3449 244 3514 451
268 3447 301 3513 εί
318 3470 368 3524 τις
389 3444 450 3529 ἔβα
471 3445 624 3523 δουλείας
644 3443 764 3528 ἐμέθεν
781 3441 982 3516 παυσίπονος
1004 3449 1036 3504 et
1057 3438 1256 3525 φαεσίμβρο-

124 3577 177 3631 soc
198 3578 206 3618 :
228 3555 355 3620 Heraol.
378 3558 457 3623 too*
478 3554 704 3640 launomarus
726 3557 811 3620 θεοῦ
830 3548 1071 3637 φαεσίμβροτοι
1092 3542 1188 3630 αὐγαί
1219 3546 1259 3611 ad

123 3678 221 3722 unum
243 3657 373 3720 omnine
394 3658 557 3743 asigmatis
578 3658 632 3721 illa
652 3657 820 3721 inserenda
841 3666 921 3721 sunt.
958 3658 1043 3722 Nam
1064 3654 1149 3741 quod
1164 3655 1258 3739 Poly·

194 3929 215 3998 ¹)
232 3930 305 3981 Haeo
331 3935 421 3996 postes
446 3930 588 3982 Olemmius
615 3908 799 3983 demonstravit
823 3932 856 3983 Κ.
874 3932 901 3982 Ζ.
929 3930 1018 3981 XVIII
1047 3933 1110 3992 239,
1137 3929 1201 3980 XIX
1228 3934 1258 3979 71

126 4017 253 4094 novisque
270 4017 428 4084 argumentis
452 4017 563 4069 firmavit
588 4017 659 4069 curt.
682 4019 754 4069 saud.
767 4019 816 4068 VII
833 4033 858 4084 p.
876 4022 992 4081 38-673
1011 4033 1071 4067 nam
1088 4016 1115 4067 in
1133 4031 1261 4066 sommen-

126 4105 222 4158 tstione
240 4119 293 4165 sua,
312 4120 364 4172 qus
380 4104 461 4171 primo
480 4104 615 4171 sigmatioa
632 4105 664 4156 ab
683 4104 814 4171 asigmatis
826 4105 974 4172 compositis
985 4104 1100 4171 sejunxit
1117 4102 1159 4163 (de
1178 4116 1260 4166 eomp.
1347 4153 1350 4157 ,

126 4193 169 4243 Gr.
187 4206 281 4258 quaes
297 4191 367 4242 verb.
386 4190 474 4258 inoip.)
492 4192 524 4241 ad
533 4192 767 4258 pronuntiationem
778 4196 878 4242 tantum
895 4191 997 4243 laoilius
1015 4189 1200 4257 expediendam
1217 4204 1261 4238 vo·

128 4279 195 4330 osles
212 4278 270 4330 illas
287 4279 398 4330 insertas
409 4293 465 4330 esse
483 4278 523 4328 vir
540 4278 704 4329 doctissimus
721 4277 860 4329 exIstimat.
