2738 4830
570 431 795 495 -125-

113 614 152 701 Ο.
174 612 215 678 R.
241 615 313 681 473.
340 651 374 661 -
399 614 567 700 Subjungc
598 601 807 699 epidauraeos
828 611 927 700 Hipp.
949 613 1028 677 742·
1048 607 1252 699 Ἑσπερίδων

112 719 209 787 aaut
231 712 443 808 antiomenon
463 711 562 785 οἶκτόν
582 711 757 805 υἷνόυαιμι,
781 720 833 785 ubi
855 729 954 785 totam
977 721 1131 807 fabulam,
1154 746 1249 809 quam

112 829 173 895 eibi
194 839 319 895 veteres
341 828 490 895 damulis
512 828 553 895 ab
574 828 714 905 Hercule
736 827 967 915 Hesperidibus
1000 829 1116 916 ereptis
1137 853 1251 894 narru-

112 936 207 1020 bant,
237 937 368 1002 mirifice
400 938 640 1004 inmemoriam
661 936 720 1002 tibi
752 946 849 1024 poeta
869 946 963 1000 vocet
995 937 1088 1001 unico
1111 937 1249 1025 epitheto

111 1045 146 1129 (ἓ
167 1047 196 1127 2,
219 1068 250 1132 p.
267 1046 312 1124 8).
336 1084 375 1093 -
396 1044 555 1110 Extremo
578 1045 647 1107 loco
669 1044 796 1132 profero
819 1035 1028 1130 θηρότροφος
1045 1044 1129 1129 feria
1150 1047 1250 1112 nutri-

111 1166 161 1216 tue
184 1177 191 1217 :
211 1151 332 1217 Phoen.
355 1152 434 1217 820*
454 1142 663 1238 θηροτρόφου
684 1143 866 1237 δράκοντος,
889 1161 938 1231 et,
961 1150 1046 1237 quod
1067 1151 1250 1216 Ruhnkenii

112 1260 314 1346 conjecturae
337 1259 470 1325 debetur
491 1249 738 1346 κυματότροφυς
761 1286 767 1324 :
790 1260 850 1347 frg.
872 1260 931 1325 637
954 1251 1082 1340 νομάδα
1112 1280 1252 1341 κυματο-

111 1390 238 1455 τροφον
252 1355 413 1445 οἷλιόετον,
428 1368 483 1432 ubi
503 1366 736 1454 Hermogenes,
759 1367 814 1454 qui
834 1366 894 1431 hoc
915 1367 1129 1453 fragmentum
1145 1390 1250 1432 serva-

112 1474 157 1540 vit
179 1475 289 1560 (Rhet.
323 1473 381 1542 Gr.
403 1475 467 1558 111,
498 1499 529 1562 p.
549 1476 609 1542 327
614 1485 625 1558 J
647 1469 899 1561 κυματοφθόρον
919 1474 1024 1557 habet,
1047 1474 1132 1560 quod
1155 1497 1250 1540 sensu

113 1592 200 1648 caret
209 1584 244 1668 ¹).
267 1621 307 1631 -
327 1582 403 1649 Jam
438 1583 578 1670 epitheta
612 1591 787 1670 sequuntur
807 1605 851 1646 το
883 1591 915 1647 et
935 1604 980 1668 τη
1000 1581 1156 1646 conclusa.
1199 1583 1251 1648 Ac

113 1692 249 1778 primum
265 1690 394 1778 quidem
409 1691 634 1756 nonnullarum
649 1690 772 1755 urbium
788 1699 824 1754 ut
839 1691 1022 1775 augustiora
1042 1689 1137 1753 faciat
1155 1689 1251 1776 primae

114 1799 203 1864 ordia
234 1799 319 1886 ipsae
347 1798 447 1863 adiis
470 1797 612 1863 conditae
646 1819 716 1863 cese
737 1807 834 1886 poeta
866 1796 983 1861 indicat
1004 1819 1081 1860 voce
1101 1792 1250 1882 θεόόμη-

111 1928 169 1983 τος
201 1909 268 1992 (Η.)
291 1930 298 1971 :
321 1906 422 1972 Andr.
445 1907 525 1973 1263
556 1905 697 1992 Δελφῶν
726 1894 906 1991 θεόδμητυν
935 1901 984 1981 εἷς
1010 1896 1119 1986 πόλιος
1150 1903 1248 1991 Hipp.

113 2015 175 2080 974
195 2009 336 2100 Ἀθήνας
355 2011 417 2091 τας
437 2005 656 2101 θεοδμήτουςη
680 2015 719 2079 cf.
742 2014 774 2080 J.
798 2014 836 2078 T.
867 2013 960 2095 14493
990 2013 1087 2101 Soph.
1116 2010 1167 2076 El.
1190 2012 1248 2078 707

113 2123 167 2187 ubi
198 2125 276 2188 item
306 2124 345 2189 dc
377 2122 512 2188 Athenis
544 2122 622 2188 illud
657 2121 866 2210 praedicatur.
910 2120 996 2199 Quin
1026 2120 1121 2186 etiam
1141 2143 1198 2185 ara
1217 2121 1250 2182 in

114 2231 232 2296 Priami
254 2254 325 2296 arce
346 2239 508 2296 exstructa
528 2231 708 2294 nominatur
729 2221 912 2315 θεόδμητος
932 2228 1011 2293 Hcc.
1034 2229 1083 2308 23,
1105 2228 1158 2291 ubi
1179 2250 1208 2290 v.
1229 2226 1250 2290 l.

115 2347 217 2402 exstat
245 2328 453 2424 λιθόόμητος.
476 2375 516 2385 -
538 2339 590 2402 De
611 2328 797 2417 ἱππόβοτος
812 2336 873 2422 (Η)
889 2335 998 2423 Suppl.
1014 2335 1094 2401 365*
1115 2335 1154 2397 cf.
1176 2334 1251 2416 §39

114 2468 143 2532 p.
162 2447 237 2529 1143
253 2446 335 2510 addc
345 2445 444 2510 Andr.
461 2446 558 2511 1229*
566 2445 629 2509 ταῖν
640 2440 834 2525 ἱπποβότου
850 2442 964 2520 witae
978 2441 1116 2525 πεδίων;
1132 2440 1250 2506 Troad.

115 2552 223 2618 1087*.
247 2590 282 2600 -
305 2552 544 2640 Descriptivum
560 2555 654 2618 ctiam
671 2563 719 2618 est
733 2546 946 2639 ἡλιόβλητοςε
971 2550 1086 2615 Bacch.
1104 2551 1142 2614 14
1157 2554 1252 2634 Περ-

113 2660 175 2724 σῶν
195 2651 410 2746 ἡλιοβλήτους
431 2653 571 2736 πλάκας.
596 2695 630 2708 ·-
655 2659 716 2724 His
738 2661 892 2724 accedunt
913 2659 1026 2746 quibus
1043 2659 1175 2723 materia
1197 2681 1250 2723 ex-

114 2769 260 2853 primitur
281 2791 288 2831 :
309 2758 504 2848 χαλκόδετος
536 2790 607 2832 acre
627 2768 779 2832 vinctae:
811 2767 931 2831 Phoen.
966 2765 1044 2847 114*
1074 2754 1252 2846 χαλκόδετα

113 2869 257 2958 ἔμβολα·
278 2913 311 2924 -
335 2868 533 2962 χαλκήλατος
555 2899 562 2940 :
584 2876 657 2940 Hel.
681 2876 762 2940 1263
784 2866 962 2959 χαλκήλαθ’
983 2864 1084 2951 inim
1107 2873 1168 2960 frg.
1190 2875 1251 2939 375

115 2974 310 3068 χαλκήλατον
330 2976 455 3068 vitudu
480 2984 594 3058 Bacch.
607 2984 667 3049 799
678 2975 898 3070 χαλκηλάτους
909 2973 1053 3057 ἀσπίδας
1057 3004 1069 3062 ‚·
1083 3018 1116 3030 -
1131 2972 1253 3062 χαλκό-

115 3112 226 3176 κρυτυς
248 3115 255 3154 :
276 3090 397 3156 Phoen.
415 3092 513 3156 1577*
527 3084 738 3177 χαλκόκροτον
752 3077 931 3178 φόσχανονς
946 3126 984 3137 -
999 3082 1250 3171 χαλκότευκτοςε

113 3198 145 3264 J.
168 3197 207 3262 T.
230 3198 271 3263 99
291 3188 509 3278 χαλκότευκτα
529 3198 678 3284 κλῇθρα;
702 3235 737 3247 -
762 3190 931 3285 κερόδετυς
951 3221 958 3260 :
981 3197 1077 3262 Rhea.
1093 3198 1151 3263 33*
1166 3189 1251 3283 κερό

115 3307 194 3371 decu
208 3294 297 3387 τόξα.
340 3306 515 3370 Paetcricia
529 3316 634 3370 autem
649 3304 748 3370 Panis
762 3306 868 3370 fistula
880 3305 1060 3370 nominatur
1081 3303 1253 3390 κηροδέτας

113 3405 259 3494 κάλαμος
280 3437 288 3478 :
310 3413 342 3480 J.
373 3412 411 3477 T.
446 3413 553 3479 1226*.
597 3414 648 3478 De
669 3412 836 3500 γηχενέτης
857 3437 865 3478 :
886 3412 1009 3479 Phocn.
1034 3413 1111 3477 128*
1134 3414 1198 3478 dixi
1219 3416 1250 3478 in

113 3522 278 3609 §apa

197 3629 306 3694 Pauca
325 3629 444 3710 habeo,
478 3651 559 3715 quae
581 3630 614 3693 in
635 3651 678 3705 ες
700 3629 868 3712 desinunt,
889 3630 974 3693 inter
994 3649 1075 3714 quae
1095 3619 1223 3716 γηγενής
1244 3653 1251 3694 :

114 3736 235 3801 Phoen.
260 3736 336 3802 1131
360 3734 451 3820 χλχας
472 3727 601 3823 χηχενής
611 3737 679 3823 jam
698 3737 900 3801 Batrachum.
919 3737 938 3802 7
954 3737 1087 3823 legitur,
1110 3736 1163 3800 ubi
1178 3738 1252 3801 item

115 3845 291 3930 Gigantum
324 3852 373 3908 eet
405 3845 577 3931 epitheton.
609 3881 650 3892 -—
679 3844 824 3910 Minerva
865 3843 1042 3931 appellatur
1073 3835 1253 3930 Διυχενὴςε
1349 3872 1351 3876 ·

115 3951 205 4040 Cycl.
232 3951 309 4035 350,
340 3949 444 4018 Orion
474 3941 613 4039 ξιφήρης
635 3975 642 4014 :
664 3950 688 4015 J
691 3973 741 4015 on.
776 3953 864 4017 1153.
907 3949 1077 4015 Militarcm
1109 3951 1255 4015 virtutem

80 4082 83 4090 ν
114 4060 256 4126 indicant
287 4050 442 4146 λυχχήρης
463 4082 470 4123 :
493 4058 525 4126 J.
559 4062 598 4122 A.
637 4059 734 4124 1067*
756 4047 921 4146 λογχήρεσι
958 4053 1013 4124 σόν
1035 4049 1256 4146 Μυρμιδόνων
1305 4041 1307 4045 .

127 4301 129 4306 ’
182 4289 205 4359 ¹)
223 4292 256 4341 cf.
276 4288 456 4350 schirliuium,
477 4286 494 4338 l.
513 4301 536 4337 c.
554 4303 577 4352 p.
597 4290 638 4338 ¹15.

357 4393 377 4430 ο
