2738 4830
541 439 748 503 ..13-

200 621 260 708 qai
282 619 501 706 respondendo
532 633 697 687 concolor.
753 619 902 707 Namque
923 613 1127 707 άντὶψαλμος
1157 620 1218 686 boc

190 728 259 792 loco
288 725 374 791 idem
402 728 508 793 valere
528 727 612 814 quod
636 716 780 811 αἰτφδάς
801 727 938 793 Weilius
960 750 1010 792 me
1034 717 1141 792 docuit
1162 728 1215 794 ad·

189 847 303 901 notans
317 834 343 921 ¹)
366 859 373 900 :
398 836 444 918 „s'l
463 859 501 902 πο
519 837 596 922 faut
610 861 677 923 pas
691 837 819 901 absisto·
832 860 888 901 asor
908 835 936 900 le
957 859 1026 901 sens
1045 838 1152 923 prtos’s
1172 837 1217 904 du

187 944 301 1009 second
314 944 442 1010 έίέοταατ
462 945 692 1032 d'aacomposd
712 944 865 1031 lyriqoe“.
897 944 949 1008 De
965 944 1098 1031 simplici
1122 943 1211 1034 ψαλ-

188 1044 249 1135 μός
271 1061 400 1117 cantum
421 1051 462 1117 ad
485 1051 624 1116 citharae
657 1074 770 1117 sonum
801 1051 920 1117 editum
953 1052 1153 1138 significante
1175 1056 1214 1120 cf.

188 1161 307 1227 Aescb.
329 1159 391 1248 frg.
414 1163 455 1227 bb
477 1152 614 1251 ψαλμάς
635 1150 834 1240 δὀἷλοιλάζει.

115 1269 149 1349 b)
192 1259 263 1334 διά
295 1292 303 1333 :
335 1267 514 1353 άιαάέκτωρ
537 1269 596 1356 qui
613 1267 742 1355 aliquid
763 1267 962 1354 (hereditate)
984 1271 1121 1356 accipin
1143 1271 1215 1334 ω’τι-

183 1378 264 1464 plca
285 1385 387 1440 exstat
409 1376 523 1442 Aescb.
546 1377 638 1441 llum.
656 1377 726 1440 204.
764 1375 883 1444 Sensus
905 1384 1008 1440 autem
1030 1377 1082 1440 ille
1104 1399 1216 1462 parum

190 1485 292 1558 elucet
312 1507 351 1550 ex
372 1483 449 1551 don.
473 1484 554 1550 478*
586 1483 778 1568 διαδέκτορα
810 1482 970 1566 alorites,
1000 1483 1054 1547 ubi
1086 1494 1215 1571 propter

199 1591 306 1657 suffixi
327 1602 471 1658 naturam
507 1594 562 1658 vix
586 1616 605 1658 a
629 1615 679 1656 me
701 1594 872 1683 impetrare
893 1613 1043 1679 possum,
1073 1601 1108 1656 ut
1138 1592 1215 1657 lexi-

190 1723 298 1765 corum
336 1701 541 1788 scriptoribus
576 1701 730 1766 assentiar
763 1700 994 1787 explicantibus
1017 1701 1216 1769 :hereditate

189 1822 342 1896 acceptus.
386 1809 536 1892 Accedit,
559 1808 643 1895 quod
665 1810 719 1895 qui
741 1817 815 1895 post
836 1807 1024 1897 Euripidem
1047 1811 1132 1875 solus
1155 1811 1214 1874 hao

188 1940 267 1983 voce
294 1939 368 1981 usus
406 1926 455 1981 est
483 1916 636 1982 Manetho
660 1941 667 1980 ε
689 1908 829 2000 κομάων
861 1917 1041 2000 διαδέκτωρ
1073 1919 1212 2006 (Apotel.

95 2051 101 2061 ·
186 2025 243 2090 IV.
266 2025 341 2107 223)
363 2027 395 2089 in
418 2028 523 2090 activa
544 2026 688 2090 vocabuli
709 2029 839 2091 notione
861 2029 1028 2115 acquievit.

113 2135 144 2220 c)
187 2129 230 2198 ἔτι
253 2158 260 2197 :
283 2129 423 2220 ἔξαρχος
445 2135 503 2220 qui
535 2133 604 2198 dccc
636 2149 680 2200 est
703 2157 710 2197 :
733 2134 849 2200 Bacch.
890 2138 965 2201 141*
998 2131 1015 2201 ὁ
1047 2131 1215 2222 δ’ἔξαρχος

189 2233 348 2329 Βράμιος;
371 2243 505 2329 simplex
526 2242 686 2308 Homerus
708 2243 806 2308 habet
821 2246 851 2307 A
868 2246 947 2328 1443
971 2245 992 2309 d
1012 2245 1082 2329 629,
1104 2246 1211 2330 φ187.

112 2351 146 2432 d)
191 2344 309 2435 παρά
330 2373 337 2414 :
360 2342 595 2437 παρατπιοτὴς
616 2353 668 2438 qui
697 2363 820 2417 scutum
839 2361 951 2419 tenens
962 2352 1060 2440 juxta
1075 2354 1212 2440 aliquem

187 2467 249 2523 stat
271 2480 278 2521 :
300 2457 349 2522 El.
372 2459 433 2524 886
454 2447 480 2522 ὦ
506 2455 708 2544 παρασπίστ’
736 2451 873 2548 Πυλάδη
902 2462 955 2547 (cf.
988 2461 1108 2527 Phoen.
1134 2462 1213 2528 1435

186 2556 316 2653 α’δελφή
338 2561 394 2652 db}
415 2566 659 2650 παρααπίζοοο’
681 2563 788 2653 ὁμοῦ).

112 2679 143 2762 e)
187 2667 265 2761 πρό
287 2701 294 2740 :
316 2668 487 2762 προπάτης
512 2677 570 2762 qai
581 2676 658 2741 aliis
674 2677 832 2762 propinat
853 2699 861 2740 ε
884 2676 981 2741 Rhea.
998 2679 1076 2742 361*
1092 2680 1126 2760 (ᾖ
1141 2679 1211 2762 85);

186 2776 368 2871 πρόμαντις
382 2808 389 2847 :
413 2782 514 2848 Andr.
534 2784 613 2849 1073
628 2775 812 2869 πρόμαντις
825 2777 952 2865 &optim
973 2786 1011 2848 cf.
1027 2785 1100 2849 Hel.
1116 2786 1211 2870 388*;

114 2893 117 2898 ’
186 2892 252 2960 Jon
281 2895 369 2959 681*Ι
396 2929 430 2940 -
453 2884 640 2979 προηγητήρ
663 2916 670 2956 :
693 2893 809 2956 Bacch.
834 2893 932 2958 1159*
961 2894 1080 2977 ταῦρον
1100 2915 1210 2980 προη-

186 3005 305 3089 γητῆρα
327 3007 504 3086 συμφορᾶς
526 2995 615 3081 ἔχων.
637 3037 679 3048 —-
700 2988 885 3088 προπάτωρ
907 3024 915 3064 :
938 2998 994 3066 Or.
1012 2998 1111 3065 1441*
1133 3017 1211 3082 προ-

113 3184 120 3195 ,
184 3104 301 3194 πάτωρ
324 3107 449 3196 Πέλοψ.
476 3146 509 3157 -
534 3097 714 3195 προμάτωρ
736 3131 743 3171 :
766 3108 886 3173 Phoen.
918 3108 997 3173 676*
1029 3099 1210 3193 προμάτωρ

184 3208 244 3282 Ἰά.
291 3215 531 3282 Substantivum
554 3226 603 3280 est
623 3207 843 3300 προγοννῆτωρ
866 3215 964 3302 Hipp.
990 3215 1095 3280 1379*

117 3325 144 3407 l]
190 3316 262 3389 odo
284 3348 291 3388 ε
314 3315 484 3400 σύνδουλος
505 3348 512 3387 :
535 3325 636 3389 Andr.
652 3325 691 3389 64
714 3315 888 3400 σύνδουλος
904 3314 944 3389 al.
968 3362 1000 3373 -
1027 3315 1180 3410 odysseam
1201 3346 1209 3386 ε

186 3433 256 3496 Alc.
277 3433 340 3498 410
361 3423 497 3517 ου’μιαοί
509 3453 565 3512 μοι
587 3424 697 3516 κούρα.
724 3471 756 3481 -
782 3431 1004 3519 ουγγειέτειρα
1026 3455 1033 3496 :
1056 3432 1106 3497 ΕΙ.
1122 3431 1209 3514 746*,

99 3539 102 3546 ’
184 3540 239 3605 ubi
258 3537 513 3627 Clytaemnestra
533 3541 712 3628 appellatur
732 3539 863 3605 κλεινῶν
886 3534 1094 3626 συγγενέτειρ’
1116 3535 1209 3604 oidel-

186 3649 266 3730 φῶν,
288 3647 372 3735 quod
395 3649 492 3734 vulgo
515 3649 672 3735 explicant
703 3649 921 3739 interpretes:
944 3670 1023 3734 qaae
1054 3673 1119 3713 ατο
1140 3672 1209 3713 ωιτη

184 3757 300 3822 morato
328 3756 434 3821 claros
452 3757 575 3842 fratrea
603 3757 624 3822 τ’.
647 3780 671 3822 e.
696 3757 831 3822 Orestem
855 3770 883 3822 ot
902 3756 1063 3822 Electram
1081 3780 1207 3842 proarc-

133 3874 136 3879 ’
186 3864 291 3929 coleti.
333 3864 378 3927 At
402 3863 632 3955 praeferenda·
661 3873 745 3929 certe
767 3876 816 3929 est
838 3863 946 3929 Weilii
979 3864 1147 3950 explicatio
1161 3865 1208 3947 1);

185 3995 275 4037 socco·
296 3971 334 4058 de
346 3973 457 4060 freres
476 3972 635 4057 illustrem
660 3995 796 4058 namque
818 3974 953 4061 simplex
976 3973 1070 4038 etiam
1084 3973 1209 4056 μενέτης
1261 3997 1265 4006 ’

137 4300 158 4372 ¹)
176 4315 199 4350 a.
218 4299 236 4350 1.
