2738 4830
444 442 445 447 κ
573 407 793 470 -151-

116 583 236 648 Phoen.
288 584 368 649 802*
422 586 475 666 (cf.
524 580 597 652 Ηεί.
664 587 760 653 1323*
813 581 1086 673 χιονοθρέμμονας
1135 584 1251 653 Ἰδαιᾶν

115 697 244 777 νυμφᾶν
300 692 469 776 σκοπίας);
510 731 552 742 -
603 687 713 780 Νόσης
763 696 823 771 τᾶς
873 687 1082 782 θηροτρόφου
1136 696 1250 760 Bacch.

114 799 211 883 557*;
236 835 270 848 -
294 794 528 886 χλοεροτρόφον
548 799 666 867 πεδίον
686 801 808 866 Phoen.
831 802 910 868 826*
929 825 1010 890 quae
1033 804 1137 868 omnia
1157 804 1250 868 etiam

117 905 380 994 descriptivorum
401 909 557 996 exemplis
578 907 816 974 adnumeranda
837 918 910 974 sunt
932 910 967 998 (8
987 911 1055 995 45).

197 1037 258 1103 Ηὶε
287 1039 427 1126 adjungo
449 1039 526 1106 Jon.
549 1041 629 1106 475*
649 1036 704 1105 ubi
726 1062 799 1105 vere
822 1029 947 1106 demum
969 1042 1081 1107 beatos
1104 1065 1158 1107 cos
1181 1065 1250 1107 esse

115 1146 229 1211 chorus
251 1147 333 1231 dicit,
355 1142 469 1241 τέκνων
489 1137 539 1225 οίς
553 1143 591 1212 όν
606 1139 832 1234 καρποτρόφοι
853 1139 1024 1230 λάμπωσιν
1037 1147 1069 1215 ἐν
1083 1137 1252 1231 θαλάμοις

114 1253 284 1339 πατρίοισι
305 1248 450 1332 νεάνιδες
470 1246 558 1344 ἧβαι,
580 1249 668 1342 quae
684 1256 809 1343 quidem
832 1257 1008 1345 corruptela
1028 1258 1171 1323 laborare
1180 1259 1249 1344 jam

116 1362 233 1428 dudum
275 1363 334 1427 viri
377 1362 459 1429 docti
497 1364 731 1429 intellexerunt.
783 1363 875 1428 Hanc
909 1362 1036 1429 tandem
1078 1365 1250 1430 removisse

115 1471 347 1537 Herwerdenus
379 1470 517 1553 videtur,
550 1472 604 1556 qui
637 1469 777 1535 dativum
807 1462 1051 1556 καρποτρόφοις
1081 1474 1249 1536 restituens

115 1588 207 1666 putat
219 1581 245 1661 1)
267 1579 311 1643 ita
324 1577 624 1666 μοίνίοείίιαίονκοο
645 1577 715 1642 δι’δι’
730 1578 864 1664 feraces,
884 1578 1016 1662 fertiles,
1038 1591 1073 1643 at
1091 1578 1253 1664 frequenti

114 1687 296 1774 metaphora
317 1685 470 1752 vocabola
492 1685 537 1750 ad
570 1709 717 1774 aprorum
742 1685 898 1751 culturam
923 1687 1111 1773 pertinentes
1140 1686 1247 1772 (perti-

115 1795 222 1859 nentia
234 1795 260 1876 ί)
282 1795 459 1880 monosemi
475 1793 597 1858 soleant
617 1792 662 1857 cd
682 1794 849 1858 liberorum
863 1796 1122 1881 procreationem.
1151 1794 1248 1857 Deni-

115 1924 176 1989 que
190 1902 224 1966 iu
243 1940 277 1949 —
300 1897 423 1988 τρόφος
444 1902 529 1967 cadit
541 1893 770 1988 κουροτρόφος,
791 1901 920 1966 Ithacae
944 1902 1063 1967 insulae
1088 1900 1249 1987 epitheton

114 2009 209 2074 Hom.
231 2033 244 2075 ι
265 2010 325 2093 27,
360 2010 415 2093 (of.
437 2010 494 2075 Ar.
518 2009 646 2074 Thesm.
669 2009 765 2092 300)‚·
801 2010 857 2073 sed
889 2010 983 2096 paulo
1012 2009 1132 2094 majore
1153 2008 1247 2074 auda-

115 2120 161 2183 cie
183 2117 352 2204 Euripides
376 2118 479 2182 dicit:
503 2112 536 2182 ἔν
555 2122 596 2195 he
618 2116 760 2197 δεμνίοις
781 2114 899 2203 ἐρημία
921 2115 1071 2181 νεανίδων
1091 2118 1147 2199 (sc.
1168 2114 1246 2180 Tro·

110 2225 273 2310 janorum)
302 2224 459 2309 orepavor
490 2220 606 2310 ἔφερεν
633 2216 768 2288 Ἑλλάδι
790 2215 1009 2310 κουροτρόφον
1030 2223 1145 2287 Troad.
1167 2224 1247 2290 566*

114 2335 223 2418 (nee).
261 2369 295 2379 -
329 2332 390 2396 His
423 2333 613 2396 enumeratis
649 2340 753 2396 cetera
786 2330 930 2418 exempla
964 2354 1155 2418 proponam,
1194 2331 1247 2395 ubi

112 2441 189 2505 item
212 2439 350 2528 epitheto
373 2438 412 2503 de
433 2439 527 2505 rebus
548 2438 721 2524 quidquam
742 2438 941 2527 praedicatur
963 2438 1003 2501 ab
1018 2437 1154 2502 humano
1180 2460 1246 2502 cor-

112 2570 192 2635 pore
223 2548 382 2633 variisque
415 2547 482 2631 ejus
512 2545 725 2610 functionibus
757 2545 925 2632 repetitum
947 2568 955 2608 ε
976 2543 1054 2609 Her.
1083 2546 1141 2609 fur.
1186 2547 1247 2611 730
1278 2534 1279 2537 Ἴ

110 2645 259 2740 βρόχοισι
281 2644 409 2737 άρκόων
428 2644 645 2740 ξιφηφόροισι
668 2656 766 2736 (nec.3
790 2653 829 2716 cf.
851 2656 870 2734 ξ
893 2653 964 2736 72),
1001 2650 1040 2716 de
1063 2675 1092 2717 v.
1113 2653 1198 2718 812*
1214 2657 1244 2717 in

111 2767 132 2846 ξ
155 2764 196 2830 85
223 2763 290 2849 egi3
312 2801 349 2812 -
375 2763 488 2826 Bacch.
510 2762 588 2828 384*
610 2751 822 2844 κισσοφόροις
849 2758 883 2824 ἐν
904 2759 1039 2836 θαλίαις
1067 2761 1182 2844 (deser.
1205 2762 1266 2825 cf.⁴

111 2871 226 2954 885),
251 2906 285 2917 -
310 2869 428 2937 Τιοοδ.
461 2869 540 2934 564*
572 2859 789 2954 καρατόμοςλ)
822 2867 972 2933 νεανίδων
1007 2864 1124 2955 ἐρημία
1145 2868 1246 2954 (nec.;

113 2979 154 3041 cf.
185 2981 204 3060 ξ,
237 2979 301 3058 85.)
325 3014 359 3025 -
385 2977 416 3045 J.
449 2979 487 3041 A.
513 2977 609 3044 1506*
638 2974 869 3060 λαμπαδοῦχος
901 2970 1005 3063 άμίρα
1038 2976 1172 3059 (descr.;
1205 2976 1244 3040 cf.

113 3086 212 3170 Verg.
246 3087 326 3149 Aen.
348 3083 432 3151 VIII
456 3084 514 3152 148
542 3099 669 3171 postera
690 3108 759 3150 συντ
788 3085 899 3170 primo
920 3084 1076 3149 lustrabat
1097 3084 1247 3171 lampade

114 3206 215 3258 terras
237 3206 307 3258 orto
321 3192 420 3278 δίκε),
435 3231 473 3242 -
488 3194 548 3279 frg.
565 3194 659 3271 77916
674 3182 815 3282 κρούσας
835 3188 875 3258 dd
895 3184 1021 3277 πλευρά
1033 3183 1246 3278 πτεροφόρον

112 3290 281 3387 ὀχημάτων
311 3303 453 3384 μεθῆκεν
485 3299 633 3384 (desem),
666 3321 747 3387 quae
769 3298 807 3364 de
828 3297 1027 3362 Phaethonte
1048 3297 1131 3368 Solis
1152 3322 1246 3365 curru

113 3410 247 3474 vehenie
274 3405 547 3496 pronuntiantur}
563 3445 596 3456 -
620 3408 735 3472 Bacch.
767 3407 845 3472 122*
876 3407 1101 3496 Διογενέτορες
1120 3401 1245 3473 ε”ναυλοι

113 3517 196 3600 (neo.
218 3519 237 3597 ξ
258 3517 333 3606 85)..
349 3552 381 3565 -
407 3515 496 3604 Cycl.
518 3517 576 3582 58*
597 3508 801 3601 άμερόκοιτοι
831 3514 953 3597 βλαχαὶ
966 3519 1110 3601 σμικρῶν
1130 3513 1245 3579 τεκέειν

113 3623 243 3709 (deser.)
250 3671 259 3704 ‚
286 3647 345 3710 per
368 3623 450 3689 diem
480 3626 664 3710 quiescentes
686 3623 883 3708 (daemoniaca)
911 3622 1078 3689 liberorum
1098 3622 1242 3708 mapitao.

113 3731 268 3797 Extremo
298 3732 367 3794 loco
400 3730 482 3807 addo
504 3731 620 3797 'Froad
644 3731 722 3797 1169
753 3732 810 3817 τῆς
831 3727 966 3797 ἰσοθέου
988 3729 1118 3816 (deser.)
1139 3726 1245 3812 τυχοίν

112 3836 316 3933 τυραννίδος,
347 3839 402 3903 ubi
424 3840 449 3901 si
480 3838 601 3903 Hensei
623 3838 750 3926 quidem
772 3839 812 3903 de
843 3860 923 3905 voce
946 3829 1025 3914 θεός
1057 3838 1244 3903 sententiam

182 4163 192 4196 ¹
221 4163 279 4216 al.

185 4168 271 4325 'heic
294 4272 353 4308 oum
384 4256 528 4308 Schirlitaio
554 4256 643 4323 scripsi
667 4274 713 4323 pro
737 4256 859 4308 librorum
885 4250 1034 4337 καράτομος.
1069 4255 1096 4326 (l
1115 4273 1136 4309 o.
1149 4274 1174 4325 p.
1193 4257 1246 4326 71),
