2738 4830
513 427 734 492 -113-

54 605 248 690 tribuerent,
280 628 341 671 nec
361 607 425 670 ullo
446 617 540 693 pacto
564 608 659 672 aliam
683 628 809 694 quoque
842 604 1042 671 admitterent
1072 607 1203 694 epitheti

61 720 95 776 ct
115 713 307 778 substantivi
330 714 600 799 conjunctionem,
623 724 658 778 ut
678 715 816 779 maxime
836 713 935 779 libere
956 715 1123 802 unicuique
1144 736 1202 802 pro

11 876 15 881 .
65 821 193 886 arbitrio
222 821 282 885 hac
310 823 344 884 in
370 843 405 885 re
437 822 560 908 ingredi
592 821 761 887 videretur.
803 822 974 909 Euripides
995 833 1101 888 autem
1122 843 1203 909 quae

69 947 133 992 cum
154 927 298 993 Homero
321 928 552 1016 „descriptiva“
576 931 757 995 communia
776 929 881 1012 habet,
905 930 945 994 ad
978 952 1017 995 ea
1041 931 1150 995 addita
1170 935 1206 996 Η

70 1032 169 1102 littera
190 1038 329 1102 animum
350 1037 525 1101 advertisse
546 1053 611 1102 non
632 1039 772 1124 ineptum
790 1037 942 1124 judicavi.

145 1168 223 1237 Jam
253 1167 293 1233 ad
325 1169 456 1245 alterum
478 1171 588 1251 venio,
621 1169 661 1234 de
683 1192 745 1257 quo
767 1179 840 1235 ante
862 1171 963 1256 ipsam
986 1173 1203 1259 exemplorum

69 1278 334 1342 enumerationem
366 1269 468 1365 pauca
489 1278 628 1365 praefari
660 1277 816 1343 volebam.
858 1277 983 1344 Natura
1004 1301 1041 1343 ac
1061 1289 1204 1366 potestas

69 1384 385 1472 „descriptivorum“‚
418 1385 543 1472 qualem
566 1388 586 1466 ὅ
615 1385 886 1472 ldescripsimus,
909 1385 942 1450 in
957 1391 994 1450 eo
1008 1386 1203 1473 potissimum
1276 1411 1280 1415 ·

67 1493 213 1576 cernitur,
234 1491 320 1579 quod
334 1494 379 1557 rei
395 1494 446 1583 vel
467 1514 625 1580 personae
645 1493 764 1579 aliquid
785 1494 960 1557 attribuunt
980 1494 1118 1558 maxime
1133 1516 1204 1580 pro-

63 1600 239 1687 priumnec
253 1599 433 1664 adsensum
446 1610 553 1664 tamen
565 1599 643 1685 ejus,
667 1601 717 1665 cui
728 1602 844 1682 insunt,
860 1601 1015 1665 enuntiati
1034 1602 1202 1688 quicquam

63 1707 175 1772 valent
198 1706 436 1772 conficiendum.
464 1707 560 1772 Nunc
576 1730 651 1776 vero
673 1718 775 1773 certas
798 1708 951 1796 quaedam
963 1709 1080 1773 classes
1103 1710 1203 1772 nomi·

65 1836 142 1879 num
151 1835 203 1879 res
215 1836 406 1901 personasve
424 1816 667 1902 exprimentium
683 1826 822 1881 statuere
832 1838 1009 1904 possumus,
1032 1838 1114 1904 quae
1128 1839 1204 1904 prae

66 1923 181 1987 ceteris
197 1922 386 2010 descriptivo
413 1924 606 2010 potissimum
630 1945 724 1988 sensu
749 1923 886 2010 epitheta
906 1923 1072 1989 adsumere
1094 1923 1204 1987 solent.

61 2029 135 2094 Has
165 2029 261 2115 igitur
293 2051 483 2117 quamquam
517 2031 662 2096 subtilius
693 2042 803 2117 postea
834 2033 999 2118 persequi,
1029 2053 1069 2096 ne
1098 2031 1204 2095 omnia

61 2137 199 2203 miscere
219 2137 398 2222 videamur,
430 2138 520 2203 nobis
542 2161 607 2204 non
627 2138 752 2223 licebit,
785 2149 890 2204 tamar
919 2139 1029 2203 inutile
1049 2160 1113 2203 non
1135 2139 1203 2221 erit,

61 2267 184 2329 earum,
216 2256 378 2333 quatenus·
402 2246 488 2334 apud
522 2247 705 2334 Euripidem
727 2257 868 2330 exstant,
890 2248 1019 2313 brevem
1040 2247 1091 2310 hic
1112 2267 1202 2332 prae·

59 2354 190 2419 mittere
210 2352 463 2441 descriptionem.

148 2487 198 2550 Ac
218 2486 354 2573 primum
377 2486 505 2572 quidem
526 2485 803 2551 dearmaaorm‘aa
829 2487 891 2551 huc
912 2486 1081 2550 referenda
1102 2493 1202 2567 erunt,

59 2613 199 2680 quonam
219 2593 270 2658 vel
291 2592 480 2659 creberrima
502 2602 635 2657 osteum
653 2592 843 2680 descriptiva
859 2593 997 2678 epitheto
1022 2592 1201 2678 conjunctio

60 2699 240 2787 eademque
260 2701 376 2765 mirum
398 2709 549 2787 quantum
573 2701 707 2765 orationi
730 2700 915 2764 munditiam
949 2709 980 2764 et
1002 2709 1200 2764 venustatem

58 2808 181 2874 tribuit.
222 2809 276 2876 Sic
296 2807 394 2873 habes
416 2831 424 2872 :
448 2801 586 2889 Βάκχιον
608 2795 811 2894 patriotarum
832 2807 894 2892 frg.
915 2807 999 2885 8883
1018 2795 1202 2895 φιλὸδαφυε

60 2903 173 2997 Βάκχε
194 2915 255 3001 frg.
277 2917 354 3000 4803
377 2911 583 3004 καρποποιὸς
604 2905 756 3002 Δημήτηρ
778 2914 876 2979 Rhes.
906 2916 986 2995 9643
1009 2905 1203 3001 θηροκτόυος

50 3017 211 3108 ’Ἄρτεμις
229 3022 261 3089 J.
284 3028 324 3087 A.
347 3021 469 3113 [1570]3
492 3018 715 3112 ψυχοπομπὸς
744 3015 868 3108 Χάρων
889 3024 958 3087 ΑΙυ.
981 3024 1060 3104 361;
1081 3019 1202 3104 θελξί-

59 3125 330 3219 φρονεςἜρωυες
344 3131 458 3196 Bacch.
479 3133 567 3198 404*.
601 3131 653 3195 De
668 3130 957 3217 „necessariorum“
972 3141 1005 3194 et
1020 3129 1201 3218 „descripti-

60 3239 197 3304 vorum“
220 3239 398 3305 discrimine
420 3240 459 3304 cf.
481 3243 501 3322 ξ
522 3241 542 3305 2
563 3263 594 3327 ρ.
615 3239 644 3304 8.
1065 3226 1067 3232 ¹

148 3381 220 3447 Noc
240 3382 370 3447 deorum
393 3383 508 3466 solum,
542 3380 598 3445 sed
618 3381 814 3471 aiaqatoram
846 3381 939 3445 etiam
960 3380 1084 3444 beroam
1106 3381 1202 3443 virtu·

59 3497 131 3571 tes,
160 3487 275 3574 quibus
303 3489 388 3577 ipsos
415 3490 483 3554 illos
505 3490 589 3554 inter
610 3497 733 3554 ceteros
754 3490 892 3553 maxime
914 3486 1087 3551 eminentes
1108 3495 1203 3573 poeta

60 3605 304 3683 repraesentare
335 3597 419 3682 vult,
451 3620 516 3662 non
545 3617 617 3661 raro
655 3596 837 3682 compositis
880 3595 1053 3660 efferuntur
1084 3593 1200 3681 epithe-

60 3704 114 3767 tis.
158 3702 231 3784 Quo
259 3706 293 3769 in
323 3727 439 3791 genere
460 3706 588 3770 nomino
609 3695 802 3789 τρικόρυθος
824 3703 917 3778 Αἴας
939 3702 995 3770 Or.
1019 3701 1124 3784 1480*,
1147 3701 1199 3765 ubi

59 3831 128 3875 non
160 3811 251 3876 aliter
282 3834 376 3899 quam
407 3813 440 3876 in
469 3813 633 3878 notissimo
664 3809 878 3898 κορυθαίολος
901 3801 1031 3895 Ἕκτωρ
1061 3809 1199 3897 epitheto

62 3918 182 3985 eximia
212 3919 315 3984 herois
342 3919 496 3985 militandi
517 3921 686 3986 strenuitas
715 3919 879 3986 indicatur.
921 3919 1127 3984 Homericum
1148 3937 1200 3980 au·

60 4015 269 4115 tem‘'Enaopt
289 4025 527 4113 χαλκοκορυστῇ
543 4027 587 4113 (Ε
602 4029 677 4112 699)
700 4029 750 4092 cui
772 4050 837 4092 non
857 4028 890 4090 in
912 4036 1049 4090 mentem
1072 4031 1202 4088 vocatur

61 4136 239 4224 Euripidoo
260 4129 476 4220 χυλκοτευχῆς
498 4125 672 4210 Καπανεύς
693 4135 805 4222 Suppl.
827 4133 932 4200 999⁹‘2

984 4261 1003 4324 8
