2774 4838
643 431 864 496 ,180-

184 609 358 676 Schmidtio
380 612 520 676 concedo
533 611 569 696 ¹),
590 621 814 699 praeterquam
829 611 956 698 quodie
979 609 1191 676 Valckenario
1213 630 1320 674 assen-

183 719 259 781 titur
296 718 444 783 scribenti
477 742 507 782 v.
540 719 619 783 821*
651 724 808 803 καταιονᾷ
827 720 886 800 μὲν
918 710 975 783 cclv
996 713 1137 800 ἆβίωιος
1166 716 1242 798 βίος
1261 737 1320 802 pro

183 824 357 912 depravata
386 825 537 890 librorum
572 825 704 890 lectione
737 822 897 892 κοτανονᾶ
926 825 986 907 μὲν
1020 814 1075 891 οὗν
1105 821 1240 906 ἅβλοτος
1261 826 1321 907 (sic

182 931 381 1011 Marcianum
413 934 511 997 ceteri
543 926 696 1015 ἀβίωτος)
728 933 814 1015 βίου.
857 933 910 997 Ex
943 933 1003 998 hac
1034 935 1118 998 enim
1141 933 1321 1025 conjectura

182 1040 259 1125 quid
279 1040 357 1104 lucri
371 1040 528 1106 redundet
542 1063 654 1128 perum
675 1041 842 1128 perspicio.
865 1039 1025 1127 Equidem
1039 1043 1084 1105 ita
1103 1040 1213 1127 potins
1225 1039 1321 1103 Euri·

180 1146 287 1232 pidem
309 1149 456 1235 scripisse
472 1147 682 1233 judicaverim
704 1171 712 1211 ε
734 1142 913 1213 κατακονολν
931 1148 990 1229 μὲν
1009 1136 1065 1212 οὖν
1086 1142 1217 1226 οἷβλοτον
1237 1145 1321 1228 βίον,

179 1260 285 1318 κακοῖν
311 1258 338 1318 τ’
364 1254 437 1340 (pro
465 1253 509 1335 δ’)
536 1241 684 1329 ὧιᾰλας
704 1254 847 1338 πέλαγος
868 1250 1001 1339 εἰσορῶ,
1021 1256 1054 1322 in
1076 1277 1139 1341 quo
1161 1245 1322 1319 καιοιιιοοαΙ

182 1357 354 1426 secundum
378 1361 565 1425 scholiastae
588 1361 830 1449 explicationem
852 1361 936 1427 velet
955 1352 1208 1448 ·rcrue›ttcocl²),
1229 1355 1320 1442 οἶβίο

179 1491 233 1533 τον
254 1479 360 1533 autem
383 1478 502 1532 statuta
522 1467 652 1554 epitheti
673 1468 858 1553 trajectione
870 1490 929 1555 pro
944 1458 1081 1548 οἷβιὸτοο
1103 1478 1150 1535 cst
1170 1473 1319 1558 positum.

180 1577 276 1656 Quod
297 1579 323 1640 si
345 1587 435 1640 tenes
457 1570 614 1640 καιοκονολ
635 1570 768 1655 ἅβλοιος
779 1571 855 1657 βίον
875 1576 957 1660 (sive
974 1567 1114 1656 uideritne
1133 1575 1223 1662 βίον)
1238 1580 1320 1644 νοοί-

181 1684 269 1749 de'um
285 1686 373 1749 vitoe>
388 1684 558 1769 significat,
579 1683 728 1769 peractoc
749 1685 819 1770 epm
839 1684 907 1748 οιλο
927 1707 991 1748 uon
1006 1685 1079 1771 jam
1098 1685 1141 1750 eit
1160 1687 1181 1751 ι’.
1203 1709 1228 1750 c.
1243 1709 1318 1772 per·

179 1793 297 1877 fectum
317 1794 402 1857 οιλοο
421 1791 600 1874 οιιοίιλίοοις
623 1813 806 1877 comparare
820 1792 917 1877 igitur
930 1791 1015 1855 hunc
1035 1792 1140 1857 locum
1160 1793 1236 1857 licet
1248 1815 1318 1857 cum

181 1901 300 1966 'Proad
337 1901 434 1964 1292*
468 1897 551 1966 ddi
571 1892 792 1983 μεγαλόπολις
812 1889 932 1974 ἄπολις
951 1893 1073 1964 ι’ίλιολεν
1102 1903 1168 1965 λι.
1191 1915 1225 1966 ut
1245 1902 1318 1966 urbs

180 2033 244 2073 non
261 2009 331 2096 jam
352 2022 429 2073 essct
456 2010 485 2072 λ.
516 2032 540 2073 ο.
562 2007 712 2089 frmdc‘tce
731 2030 839 2073 everso
861 2020 925 2088 est,
957 2008 1012 2071 ubi
1043 2010 1120 2073 item
1141 2009 1317 2096 proleptico

180 2112 415 2202 quodammodo
434 2137 529 2181 sensu
551 2116 716 2203 epitheton
736 2125 920 2201 usurpatum
942 2115 1039 2201 cett).

262 2222 427 2310 Perpauca
440 2246 525 2289 nunc
541 2225 680 2311 epitheta
693 2224 830 2309 profero,
851 2224 885 2287 in
900 2224 1013 2308 quibus
1028 2224 1202 2288 nominalia
1221 2245 1315 2287 mem·

178 2331 236 2394 bre
267 2332 293 2394 si
322 2352 387 2394 ncn
408 2333 542 2396 eandem
572 2341 606 2395 et
635 2331 769 2395 similem
798 2341 881 2394 certe
913 2332 1102 2394 sententiam
1122 2330 1259 2413 habent,
1282 2351 1316 2394 sc

179 2439 387 2521 substantiva,
410 2440 525 2524 quibus
546 2439 617 2526 ipsa
637 2447 709 2502 sunt
730 2437 846 2502 addita.
889 2434 962 2514 Quo
984 2438 1015 2501 in
1037 2459 1157 2522 genere
1186 2435 1316 2502 Weilius

173 2547 242 2630 jam
263 2557 371 2611 monet
391 2540 514 2629 ἄλυρον
535 2536 622 2630 ἀμφὶ
641 2551 767 2625 μοῦσαν
781 2543 901 2609 Phoen.
918 2545 1025 2626 1028*‚
1047 2545 1104 2608 ubi
1117 2543 1157 2608 de
1171 2544 1315 2630 Sphinge

177 2655 292 2738 agitur,
314 2654 397 2719 idem
420 2655 533 2735 valere,
556 2654 642 2739 quod
663 2647 806 2733 ἄμουσον
827 2646 914 2737 ἀμφὶ
934 2652 1072 2734 μοῦοονς
1093 2653 1133 2715 cf.
1148 2651 1222 2716 Hel.
1242 2653 1315 2717 185*

177 2757 303 2848 οἰνιρόν
332 2752 453 2841 ὅμαδον
481 2757 609 2844 ἔκλυον,
642 2756 761 2847 ἄλυρον
781 2755 889 2845 ἔλεγον
911 2771 943 2824 et
963 2759 996 2825 J.
1020 2759 1058 2824 Τ.
1084 2761 1160 2826 146*
1182 2751 1315 2847 ἀλύροις

176 2862 301 2951 ἐλέγοις
327 2872 462 2954 threnis,
491 2893 512 2934 ο
532 2869 647 2956 quidue
667 2869 790 2934 alicnus
820 2883 864 2934 cst
884 2869 974 2956 lyrae
994 2869 1201 2934 concenturi.
1222 2892 1248 2934 ο.
1268 2870 1314 2934 in·

175 2976 305 3060 faustis.
349 2975 522 3041 Manifesto
545 2987 651 3042 autem
672 2998 784 3041 sensus
806 2977 905 3042 claret
937 2976 1106 3040 verborum
1127 2967 1315 3056 οἷμουοοτᾶ-

176 3105 265 3147 ταιοι
284 3078 342 3146 οὐν
363 3074 465 3166 φ’δοῖς
486 3084 609 3148 Phoen.
632 3084 711 3149 808*
734 3084 845 3166 (schol.
868 3106 876 3146 :
899 3087 1030 3164 κανοῖς,
1054 3078 1234 3168 οόοφέοιν,
1255 3078 1314 3169 οή-

175 3185 246 3254 dioc
260 3185 363 3256 deciso*
376 3193 439 3255 τῶν
445 3181 553 3277 φόνων
562 3187 670 3256 αἰτίαν
680 3182 826 3277 εἶναι)*).
844 3191 898 3258 Ad
914 3201 1092 3256 extremum
1105 3193 1168 3257 huc
1182 3192 1314 3256 fortasse

248 3390 446 3459 ι)1.ο.ρ.89.

246 3484 268 3552 ²)
283 3487 461 3553 Repetendnm
485 3488 535 3538 hoc
552 3493 592 3539 est
608 3503 625 3538 a
641 3487 726 3538 radice
750 3482 783 3543 n'u
800 3487 882 3552 (eure
901 3487 957 3539 Gr.⁴
977 3490 1044 3556 130),
1062 3504 1122 3551 non,
1139 3493 1171 3539 nt
1186 3487 1314 3557 Hartnng·

177 3573 219 3623 ius
245 3577 278 3636 (a
297 3573 326 3639 l.)
345 3572 444 3636 voluit,
471 3589 487 3622 a
512 3579 599 3628 salvo·
634 3572 735 3623 Similia
761 3573 924 3624 substantive
952 3589 1107 3640 quemquam
1125 3581 1228 3640 praesto
1254 3574 1315 3626 mihi

176 3673 228 3708 non
255 3663 330 3721 sunt,
347 3659 476 3725 adjectivo
502 3665 588 3709 temen
611 3652 841 3734 κροκ-ο-νρ-τι-κῇ
873 3660 919 3724 (sc.
937 3661 1029 3735 rim)
1048 3661 1112 3711 Plet
1132 3660 1207 3713 Polit
1228 3664 1317 3718 2821

177 3743 253 3794 etiam
271 3740 373 3821 spondep
389 3744 577 3796 substantivum
595 3745 702 3796 texendi
718 3746 844 3796 echonem
864 3745 1012 3812 significans
1030 3746 1167 3813 aliqnando
1185 3747 1314 3799 exstitisse

176 3830 240 3881 setis
257 3832 385 3897 probatur.

245 3923 267 3992 ⁸)
286 3926 438 3992 corruptela
463 3926 500 3976 ite
525 3926 630 3978 videtur
648 3933 791 3990 ortuense,
818 3934 849 3980 nt
865 3927 995 3980 exstincte
1011 3926 1153 3978 murensi
1170 3923 1313 3984 mmsis

176 4016 237 4061 ante
261 4035 281 4088 μ
307 4010 394 4064 littera
409 4033 424 4066 ν
441 4005 555 4086 ἀβίοτον
571 4013 664 4064 deinde
681 4013 708 4065 in
728 4008 840 4088 ὁμοιως
857 4018 1013 4074 mutaretur3
1041 4027 1112 4064 nnnc
1128 4029 1191 4065 vero
1207 4014 1313 4065 verbnm

176 4095 382 4158 desiderabatur,
408 4113 485 4163 qnam
504 4098 537 4148 ob
562 4113 667 4150 censam
683 4098 753 4151 idem
775 4100 819 4151 ille
837 4100 977 4151 scholiasta
992 4101 1125 4174 mtlnflo
1141 4100 1314 4167 supplendum

177 4197 233 4232 esse
251 4183 314 4243 vult,
333 4183 401 4248 qnod
419 4199 496 4248 qnam
513 4183 631 4251 ineptum
648 4184 682 4237 sit
699 4185 876 4251 unnsquisque
895 4183 1032 4251 intellegit

244 4275 266 4342 4)
286 4276 324 4326 cf.
343 4275 420 4327 etiam
438 4270 504 4346 ἄτας
521 4271 686 4353 α’χοριῦτοος
703 4279 795 4330 Trocd.
810 4277 875 4329 122*
884 4315 891 4342 ,
910 4280 1067 4333 calamum
1082 4279 1180 4333 choreis
1196 4297 1249 4332 m
1273 4296 1311 4332 ee·

176 4361 312 4414 hirando·
328 4363 345 4412 i.
363 4380 383 4415 ο
400 4363 489 4416 mles.
