2774 4838
626 409 842 494 ,ιαμ

163 606 242 671 Ηει.
275 607 336 671 fur.
371 608 464 688 114*;
489 643 523 654 -
558 604 690 672 παίδων,
716 598 861 681 ἀπαιδας
890 612 993 690 γραῦς
1027 607 1128 671 Andr.
1160 610 1241 691 6123
1265 645 1300 657 -

164 705 313 789 ἀπαιδας
343 709 429 798 ἡμᾶς
462 714 516 779 δεῖ
535 714 730 799 καταστῆναι
750 710 864 778 τέκνων
903 715 1004 778 Andr.
1027 715 1088 779 714
1120 715 1160 780 cf.
1189 717 1303 804 Suppl.

164 822 223 903 353
245 822 334 886 810*.
379 819 445 887 Sed
467 820 578 909 Suppl.
602 825 639 889 13
662 817 747 906 ἀμφὶ
768 818 833 905 γάρ
853 814 958 896 πύλας
980 812 1119 901 Κάδμου
1138 813 1305 888 θανόντων

164 924 249 994 ὲπτά
268 934 426 1013 γυναικῶν
448 928 562 996 τέκνων
582 923 726 1004 ἄπαιδές
753 924 834 994 εἰσιν
863 929 920 1011 (sc.
942 935 1042 1013 γραῦς
1071 952 1101 992 v.
1122 931 1158 1012 9)
1180 933 1303 1017 geneti-

165 1059 223 1101 ves
247 1037 412 1102 absolutos
438 1059 508 1102 esse
523 1039 703 1102 existimare
725 1036 898 1125 praestabit
911 1059 1006 1123 quam
1019 1037 1059 1103 de
1072 1030 1215 1114 ἄπαιδες
1228 1060 1304 1125 pen·

167 1143 250 1210 dere.
303 1145 477 1210 Praeterea
508 1145 559 1209 bic
587 1144 781 1208 nominande
810 1153 883 1209 sunt
904 1134 968 1219 ιὸς
997 1135 1165 1226 μ’ἀποιδα
1194 1142 1304 1231 γέννας

163 1245 280 1334 ἔθηκεν
301 1241 521 1337 ἀριστοτόκοιο
551 1252 648 1316 Rhes.
670 1252 768 1334 908*;
789 1288 830 1300 -
852 1245 982 1329 ἀτεννος
1012 1247 1152 1339 ἀρσένων
1172 1254 1305 1318 παίδων

162 1350 265 1442 γεγῶς
286 1359 400 1423 Bacch.
426 1360 522 1444 13053
547 1397 580 1407 -
605 1354 645 1423 mi
665 1355 809 1434 δ’ἀνοοος
830 1364 933 1423 κακῶν
952 1357 1040 1440 ἐμῶν
1059 1359 1092 1427 J.
1108 1363 1148 1424 A.
1169 1363 1249 1444 9823
1263 1400 1304 1412 -

164 1456 334 1550 πάρθενος
369 1461 523 1552 ἀνέορτος
542 1465 648 1554 ἱερῶν.
669 1466 720 1531 El.
743 1467 823 1533 310:
844 1506 883 1514 —
905 1463 1041 1551 ἀγείτων
1061 1459 1151 1544 eluse
1170 1464 1304 1555 ἵδρυται

164 1572 269 1658 φίλιοι
289 1572 364 1638 ibid.
389 1575 477 1642 1130.
502 1612 536 1623 -
561 1566 661 1657 κόμαν
681 1571 829 1659 κείρομαι
855 1565 1005 1650 ἄπεπλος
1035 1571 1166 1662 φαρέων
1186 1576 1305 1643 ίεονῶν

164 1680 287 1746 Phocn.
309 1682 398 1746 324*.
421 1720 460 1740 1-
483 1681 600 1764 στείγοι
621 1682 737 1748 δισσῶν
756 1671 905 1770 γ’ἀμορος
924 1678 1038 1747 τέκνοιν
1066 1682 1153 1749 Μεδ.
1188 1686 1303 1770 1395*;

165 1790 206 1854 cf.
227 1788 308 1853 Hec.
323 1789 382 1854 421
406 1784 499 1875 ἡμεῖς
518 1789 557 1856 δὲ
567 1781 761 1876 πεντήκοντα
774 1784 949 1876 γ’ἀμμοροι
968 1788 1099 1872 τίκναινς
1121 1790 1197 1858 Jon.
1212 1793 1303 1878 5265

165 1896 218 1962 ubi
241 1895 421 1962 Nauckium
449 1899 549 1985 probo
579 1904 705 1984 φρενῶν
725 1888 882 1984 ἀμοίρους
901 1898 956 1963 καί
986 1890 1167 1984 μεμηνότας
1186 1899 1304 1986 φίλους

165 2026 222 2090 pro
243 2004 372 2090 φρενῶν
392 1995 557 2085 ἀμοάοοος
576 2005 641 2069 κτλ.
665 2006 760 2070 scribi
778 2005 960 2092 jubentem3
991 2015 1132 2070 ceterum
1152 2007 1303 2073 hocloco

165 2119 197 2174 et
217 2110 302 2176 Med.
327 2113 434 2195 1395*‚
455 2112 536 2178 Hec.
558 2113 616 2176 421
640 2135 704 2177 non
726 2121 792 2176 tem
812 2112 921 2199 plane,
944 2134 1041 2199 quam
1061 2114 1094 2177 in
1114 2114 1302 2180 anteceden·

165 2218 248 2283 tibus
271 2219 425 2306 exemplis
449 2221 589 2284 secunde
609 2220 751 2284 membra
772 2219 946 2284 abundant
989 2221 1042 2283 Ad
1064 2230 1241 2286 extremum
1264 2224 1301 2288 si·

164 2325 229 2390 miii
253 2325 383 2390 alterius
404 2328 536 2392 membri
558 2329 751 2393 abundantia
772 2329 868 2392 etiam
897 2349 1006 2392 vocem
1029 2322 1112 2410 ἄζυξ
1133 2329 1303 2417 Euripides

165 2432 329 2518 usurpavit
357 2433 442 2498 Med.
465 2435 527 2499 673
548 2429 606 2499 οάκ
627 2433 722 2516 ἐσμὲν
751 2429 845 2522 εάνής
866 2431 984 2519 ἀζυγες
1003 2433 1177 2520 γαμηλίου;
1206 2435 1240 2501 J.
1264 2439 1302 2502 A.

165 2540 242 2620 8053
276 2538 373 2632 Hipp.
395 2543 492 2623 546*;
526 2542 582 2606 sed
604 2544 702 2608 verba
724 2537 818 2628 κόραι
838 2535 899 2630 γάρ
921 2535 1037 2628 ἀζυγες
1065 2536 1175 2626 γάμιον
1196 2535 1304 2628 πάρος

165 2637 265 2724 κόμας
285 2644 452 2728 κεροῦνταί
474 2662 526 2709 σοι
540 2642 637 2731 Hipp.
663 2643 742 2710 1425
763 2643 844 2708 falso
861 2644 973 2709 eodem
988 2645 1058 2709 loeo
1072 2644 1096 2710 J
1098 2644 1148 2709 ob.
1160 2643 1302 2711 Schmid-

166 2753 226 2818 tius
248 2753 357 2818 habuit
370 2753 406 2835 1),
428 2772 491 2838 quo
513 2760 618 2816 cetera
631 2750 724 2837 hujus
741 2751 932 2839 paragraphi
950 2753 1113 2840 exempla3
1135 2752 1301 2835 genetivus

166 2861 249 2926 enim
272 2882 290 2925 s
310 2851 418 2945 πάρος
432 2868 532 2946 aptus
552 2868 609 2942 est,
632 2881 694 2922 non
716 2880 756 2923 ex
778 2852 892 2942 ἀζογες
905 2860 942 2941 ⁹).

249 2997 269 3075 ξ
292 2992 340 3058 79.
364 2993 396 3057 Α
417 2994 437 3073 5
459 2992 498 3057 78
532 2991 686 3079 exemplis
706 2994 733 3056 si
754 2992 937 3057 discesseris
960 2992 1169 3078 epithetorum
1190 2992 1302 3057 bucus-

166 3122 228 3188 que
258 3098 455 3166 laudatorum
487 3121 561 3187 pars
593 3099 661 3164 fere
694 3100 832 3164 maxima
864 3099 909 3165 ite
930 3108 1113 3186 comparate
1148 3110 1238 3184 erut,
1271 3109 1305 3165 ut

166 3207 325 3294 superflua
345 3206 489 3273 membra
511 3207 582 3294 pius
604 3209 748 3271 minusve
771 3230 841 3272 eum
857 3207 1076 3290 substantivis,
1098 3208 1215 3293 quibus
1237 3209 1305 3296 ipsu

167 3314 276 3380 additu
313 3324 423 3399 erant,
453 3336 549 3379 sensu
585 3323 807 3400 congruerent.
862 3314 937 3380 Jsm
972 3314 1130 3399 reliquum
1166 3324 1234 3398 est,
1268 3323 1304 3380 ut

166 3442 205 3487 ea
235 3444 320 3488 nunc
353 3443 554 3504 enumerem,
587 3443 686 3508 quae,
709 3443 902 3509 quamquam
923 3423 1007 3485 inter
1027 3430 1174 3486 neutrum
1195 3443 1303 3487 eorum

166 3531 343 3597 membrum
365 3539 397 3595 et
416 3552 532 3594 nomen
555 3531 739 3617 primarium
760 3530 823 3595 ulla
843 3530 981 3594 notionis
1003 3531 1150 3614 cognatio
1171 3531 1302 3595 interce·

168 3636 230 3719 dit,
262 3641 423 3724 aptissime
465 3648 571 3702 tamen
602 3661 672 3702 cum
702 3639 835 3725 simplici
877 3659 955 3701 voce
983 3639 1109 3722 integro
1153 3639 1303 3702 enuntiati

167 3767 264 3811 sensu
304 3748 490 3812 commutari
531 3747 604 3810 iicet
645 3746 697 3828 (cf.
740 3750 759 3828 ἕ
789 3746 853 3829 74).
904 3744 966 3810 His
1008 3754 1113 3810 sutem
1150 3766 1228 3827 non,
1270 3755 1304 3811 ut

237 4099 245 4130 ¹
274 4100 290 4150 1.
309 4114 331 4150 c
368 4102 433 4151 ,311

234 4100 256 4258 'i
275 4115 381 4258 Proptbr
404 4193 602 4246 similitudinem
622 4194 700 4244 effero
724 4192 801 4244 etium
827 4195 853 4245 J·
872 4193 902 4246 Τ.
921 4198 970 4247 ete
997 4182 1083 4269 ἦλθον
1109 4191 1198 4267 νῆστις
1216 4192 1305 4270 stupriq

167 4283 183 4334 't
202 4299 224 4333 e·
242 4276 305 4338 ἀνευ
321 4278 423 4358 βορᾶςς
442 4288 469 4334 et
485 4285 534 4349 srg.
552 4279 698 4351 [nltsttt]
715 4277 827 4358 ίγκάριτνν
845 4285 961 4356 stipatur
979 4275 1100 4356 ἀλιντρος
1118 4273 1219 4353 ἀνδρός·
