2738 4830
580 409 786 471 ..11-

111 591 251 677 perfecte
283 588 347 673 jam
379 590 420 656 ab
452 590 521 655 aliis
543 590 622 656 haec
644 589 803 676 descripta
824 596 872 652 est
886 588 920 672 ¹),
952 594 987 651 ut
1022 583 1151 648 omnino
1182 580 1257 646 addi

112 699 283 785 quicquam
310 719 405 785 posse
426 699 622 784 negaverim.
666 694 774 777 Quare
796 695 856 759 hac
877 717 961 759 nunc
991 690 1257 779 supersedeamus

111 827 225 892 opera3
259 804 317 869 sed
339 804 424 871 aliud
446 814 512 889 est,
543 804 628 892 quod
649 804 738 870 brevi
763 804 975 889 disputatione
997 801 1127 886 dignum
1151 797 1256 862 videa·

112 921 170 977 tur.
214 913 334 997 Agitur
355 914 439 977 enim
454 912 494 978 de
515 911 724 977 secundorum
740 911 955 976 membrorum
970 909 1158 996 significatu,
1180 927 1256 992 qua·

108 1021 147 1096 lis
169 1020 203 1085 in
225 1018 358 1107 singulis
382 1021 485 1085 elucet
506 1017 664 1106 epithetis.
698 1017 781 1085 Nam
805 1015 926 1106 primae
947 1027 979 1083 et
1000 1016 1157 1083 secundae
1179 1013 1256 1078 olas·

112 1127 153 1190 sis
177 1165 212 1176 -
238 1127 277 1193 de
298 1129 491 1193 attributivis
513 1129 574 1194 alio
603 1129 674 1194 loco
696 1128 837 1193 dicamus
859 1165 899 1175 —
921 1126 1068 1213 exempla
1088 1132 1183 1212 prout
1203 1129 1258 1186 aut

111 1235 278 1299 nominalis
299 1244 354 1300 aut
376 1235 513 1300 verbalis
536 1245 585 1301 est
606 1245 719 1303 natura
740 1236 892 1302 membris
915 1233 1078 1316 secundis,
1110 1232 1202 1296 facile
1223 1231 1257 1294 in

112 1343 183 1407 bina
206 1365 241 1407 se
255 1344 385 1427 agmina
400 1342 544 1408 distribui
560 1342 730 1429 patiuntur.
774 1337 868 1421 Quod
886 1340 1045 1429 quomodo
1066 1339 1254 1425 intellegen-

112 1449 185 1515 dum
208 1450 248 1514 sit
278 1450 346 1536 jam
367 1449 486 1515 videas.
529 1450 594 1517 Per
616 1473 651 1515 se
673 1453 776 1534 enim,
808 1452 835 1516 si
857 1460 1022 1515 externam
1045 1447 1256 1512 membrorum

112 1558 248 1622 formam
270 1567 405 1644 spectas,
428 1557 546 1622 clarum
570 1566 619 1622 est
639 1557 720 1622 haec
740 1580 868 1645 semper
890 1579 959 1623 esse
980 1555 1159 1619 nominalis.
1203 1555 1255 1618 An

114 1665 206 1729 aliam
230 1664 508 1752 exprimendarum
540 1688 688 1750 casuum,
720 1686 891 1750 generum,
923 1685 1128 1729 numerorum
1160 1660 1256 1727 facul-

115 1781 211 1837 tatem
234 1793 304 1837 esse
321 1767 465 1858 judicas,
503 1771 560 1835 nisi
583 1773 674 1857 hano,
697 1771 782 1859 quod
804 1773 940 1836 nominis
964 1770 1100 1857 speciem
1124 1787 1201 1857 prae
1223 1790 1256 1833 se

111 1879 218 1945 lerunt
240 1880 384 1945 membra
406 1878 545 1945 secunda
556 1879 613 1962 Ἣ
635 1865 747 1967 Itaque
770 1881 802 1944 in
825 1877 893 1944 sola
912 1877 1142 1966 significatione
1163 1875 1257 1964 hujus

112 1986 306 2074 quaestionis
342 1983 505 2052 cardinem
527 1990 649 2053 versari
679 2011 719 2053 ex
751 1988 838 2053 hisce
871 1989 1002 2074 colligas
1025 2010 1033 2052 τ
1056 1978 1255 2073 ‹iocupl-

110 2092 277 2182 perficiens
310 2118 410 2183 opus3
454 2088 791 2181 copulemus-celeriter
812 2118 963 2185 operans3
997 2085 1256 2182 εὐρεσιεπὴς-ἰη-
1328 2129 1331 2136 ·

113 2206 245 2268 veniens
258 2201 372 2288 verba3
394 2193 574 2290 καλλιεπὴς
586 2235 624 2261 =
636 2201 768 2292 pulchre
780 2205 922 2291 loquens.
943 2199 1025 2268 Bina
1047 2206 1144 2289 igitur
1165 2222 1255 2266 voca·

113 2312 187 2378 bula
208 2312 240 2376 in
264 2312 375 2377 eadem
396 2315 539 2379 membra
561 2315 696 2398 cadunt;
718 2323 823 2378 tamen
850 2304 1041 2398 α’νυσιεργός
1062 2324 1094 2377 et
1114 2303 1256 2396 ταχύερ-

114 2441 166 2504 yoc
196 2443 234 2485 eo
266 2418 433 2507 differunt,
477 2421 562 2509 quod
595 2445 666 2487 cum
696 2418 788 2508 hujus
812 2443 924 2507 -εργος
966 2420 1103 2485 nominis
1135 2419 1258 2506 agentis

114 2549 240 2593 sensum
255 2526 381 2613 habeat,
404 2527 467 2613 vel,
489 2529 573 2617 quod
588 2529 629 2595 ad
645 2529 727 2595 idem
749 2530 841 2614 redit,
862 2528 1019 2618 participii
1041 2526 1216 2616 praesentis
1237 2549 1256 2591 a

114 2633 219 2701 radice
253 2641 330 2722 Fapy
361 2635 508 2721 formati,
541 2659 615 2724 pars
646 2636 729 2701 illius
744 2634 882 2702 secunda
904 2637 944 2701 ab
965 2635 1097 2701 actionis
1128 2635 1256 2697 nomine

110 2737 204 2830 ἔργον
225 2744 400 2831 repetenda
422 2753 470 2809 est
502 2763 542 2809 ex
571 2741 683 2810 eadem
705 2743 834 2830 quidem
856 2742 962 2808 radice
985 2736 1128 2829 ejusdem
1150 2734 1256 2805 suffixi

116 2873 175 2940 ope
198 2859 391 2939 comparato.
435 2846 587 2918 Similiter
607 2852 640 2916 in
662 2842 855 2939 εὑρεσιεπής
877 2860 909 2916 et
930 2842 1107 2934 καλλιεπὴς
1127 2848 1209 2913 inter
1224 2870 1258 2913 se

116 2957 264 3023 differunt
283 2959 428 3025 membra
450 2955 599 3043 secunda,
622 2969 654 3025 et
669 2961 714 3024 sic
729 2961 857 3024 omnino
872 2980 930 3047 pro
952 2958 1163 3046 posteriorum
1185 2979 1255 3043 par-

115 3066 193 3131 tium
226 3077 339 3133 natura
368 3076 401 3133 et
431 3069 672 3133 determinativa
705 3077 737 3132 et
769 3064 1000 3154 dependentiae
1028 3066 1203 3154 composita
1224 3065 1257 3129 in

113 3173 204 3239 binas
225 3174 317 3239 nobis
339 3176 456 3240 classes
476 3175 550 3240 licet
570 3175 725 3262 digerere.

197 3280 342 3348 Transeo
374 3302 459 3346 nuno
490 3281 530 3346 ad
575 3282 792 3370 exemplorum
833 3282 1119 3365 enumerationem,
1162 3301 1257 3367 quam

115 3388 196 3474 quod
218 3389 251 3452 in
273 3389 335 3454 hoo
356 3389 485 3476 quidem
507 3392 610 3477 capita
624 3389 694 3455 fere
715 3391 849 3475 catalogi
872 3391 973 3454 instar
993 3389 1108 3455 exilem
1131 3398 1163 3453 et
1183 3410 1257 3453 con·

116 3496 208 3561 nisam
233 3498 409 3582 essevolui,
425 3520 462 3564 eo
478 3499 610 3583 facilius,
633 3498 737 3582 eredo,
759 3497 835 3562 mihi
856 3500 1013 3584 ignosces,
1035 3496 1121 3583 qnod
1140 3507 1174 3562 et
1187 3497 1258 3561 sim·

116 3604 282 3689 plicissima
303 3607 356 3671 illa
377 3616 451 3671 eunt
471 3627 604 3693 eamque
618 3608 719 3693 ipsam
736 3605 777 3670 ob
799 3628 866 3671 rem
882 3606 1076 3670 accuratiore
1091 3606 1145 3668 vix
1161 3613 1258 3690 egent

118 3712 333 3799 explicatione.

558 3850 805 3863 *n-o--n

119 4015 307 4027 ———

182 4083 201 4148 ¹)
218 4083 356 4151 Relegasse
375 4089 401 4135 te
417 4083 532 4135 sufficiet
549 4084 582 4134 ad
595 4083 665 4134 Ourt.
679 4082 744 4134 ΕΓΗ
756 4100 780 4149 p.
797 4089 843 4137 150
861 4100 925 4150 squ..
940 4085 1092 4135 Clemminm
1112 4087 1160 4147 „de
1175 4102 1257 4154 comp.

118 4168 203 4221 Graec.
217 4185 284 4236 quae
294 4186 310 4219 a
321 4171 392 4220 verb.
406 4171 499 4235 incip.“
513 4169 603 4221 Gissae
615 4173 680 4222 1867
692 4186 717 4236 p.
734 4173 788 4231 149,
804 4174 859 4232 164,
877 4174 930 4233 159,
944 4171 1115 4223 Schirlitzium
1130 4172 1146 4223 l.
1156 4175 1256 4240 epto.

138 4270 141 4276 '
180 4261 202 4330 ³)
221 4263 254 4315 of.
273 4263 436 4325 Clemmium,
456 4264 526 4314 Cart.
546 4265 621 4314 saud.
641 4264 690 4314 VH
707 4280 730 4329 p.
750 4268 789 4316 68.
