2738 4830
574 405 792 468 -146-

113 588 271 675 professus
293 597 360 668 est,
382 587 472 651 doleo
495 585 580 672 quod
601 587 764 672 hucusque
785 585 913 672 quidem
935 586 1041 651 nullus
1064 585 1239 651 elaboravit

114 695 227 780 Itaque
252 696 410 780 inpriore
437 715 507 758 cum
528 693 612 758 illius
636 685 776 777 vestigiis
799 694 944 775 insistere
965 694 1058 760 nobis
1080 692 1190 774 liceat,
1214 697 1241 758 in

116 804 214 868 altero
254 813 362 866 nostro
394 803 497 867 Marte
536 800 708 887 procedere
723 801 889 886 cogimur.
931 799 1008 872 dam
1029 823 1106 865 vero
1127 800 1244 888 singnis

116 911 168 974 hic
203 930 386 974 enumerare
417 908 588 991 vocabula,
624 908 739 996 quibus
771 909 952 975 inanimatis
982 908 1080 973 rebus
1112 911 1244 995 corporis

117 1018 245 1083 humani
296 1017 417 1104 species
456 997 702 1102 ¹quodammodo
759 1016 890 1081 attribui
941 1015 1037 1098 solet,
1088 1017 1114 1081 si
1170 1038 1246 1080 nunc

117 1127 313 1190 instituerem
362 1133 447 1189 certe
497 1124 600 1188 oleum
657 1131 691 1188 et
745 1145 874 1210 operam
930 1122 1065 1210 perdere
1117 1125 1246 1210 viderer,

119 1255 188 1296 cum
244 1233 478 1297 accuratissime
518 1231 571 1294 illa
625 1231 774 1295 Henseus
828 1233 860 1294 in
919 1230 1023 1295 indice
1066 1233 1157 1319 operi
1197 1255 1247 1297 suo

118 1340 259 1428 praefixo
287 1340 507 1424 composuerit.
554 1338 668 1424 Itaque
698 1339 810 1403 horum
847 1339 900 1403 ubi
925 1322 1022 1403 unum
1043 1341 1096 1404 vel
1121 1341 1247 1405 alterum

117 1445 151 1510 in
183 1449 357 1533 composito
399 1440 537 1533 epitheto
578 1455 726 1533 apparet,
747 1437 788 1508 'id
827 1447 931 1533 ipsum
961 1444 1059 1534 priori
1089 1449 1248 1536 personifi-

118 1555 247 1618 cationis
273 1557 381 1639 generi
408 1552 638 1638 adsignandum
665 1555 734 1637 erit,
762 1552 850 1617 velut
876 1540 1055 1640 ἄκρόκομος
1080 1577 1087 1618 :
1118 1552 1247 1620 Theocr.

117 1662 160 1725 id.
176 1662 224 1743 22,
241 1662 278 1725 41
302 1685 310 1724 :
332 1651 509 1747 ἄκρόκομὸι
533 1654 752 1746 κυπάρισσοι,
775 1655 1039 1748 στεφανοφόροςι
1062 1658 1247 1729 Anacreont

120 1771 170 1854 56,
195 1772 210 1833 1
234 1793 242 1832 ε
265 1760 512 1855 oreparopdpov
531 1772 602 1844 μετ’
621 1761 715 1855 ἦρος,
736 1761 936 1858 ὐψικόρηνος
957 1794 964 1833 :
986 1769 1081 1834 Hom·
1100 1770 1151 1835 M.
1167 1771 1247 1836 132:

121 1868 216 1962 δρύες
248 1870 457 1965 ὑψικάρηνοι;
490 1869 700 1964 πολυπλανής
721 1901 728 1941 :
750 1877 885 1942 Marian.
908 1878 942 1962 3,
965 1879 985 1942 2
1007 1877 1091 1960 (Jac.
1115 1878 1212 1944 Anth.
1231 1879 1247 1943 3

122 2007 152 2070 p.
184 1984 260 2070 212)
283 2009 290 2048 :
313 1979 532 2060 πολυπλανέος
562 1975 725 2068 καμάτου,
753 1985 868 2071 quibus
889 1985 1064 2072 Euripides
1085 1985 1247 2051 adiciasin

122 2095 142 2172 ς
160 2093 180 2156 2
201 2114 220 2155 a
241 2091 332 2155 nobis
349 2092 417 2177 jam
439 2092 576 2157 laudata.
750 2100 753 2107 '

203 2199 349 2263 Alterum
365 2221 465 2285 genus
480 2199 774 2286 personificationis,
797 2222 878 2286 quae
893 2199 928 2263 fit
948 2199 1094 2286 epithetis
1116 2186 1246 2288 εὔφρων,

126 2298 269 2392 triponis,
293 2296 471 2393 οἷνάλγητος
492 2309 663 2392 similibus,
687 2310 739 2373 vix
761 2331 838 2396 opus
860 2307 984 2372 videtur
1016 2309 1170 2396 exemplis
1190 2306 1249 2372 illn-

125 2424 240 2497 strare3
274 2439 346 2480 narn
368 2426 478 2503 postea
498 2418 543 2480 ita
562 2438 629 2480 rem
643 2418 822 2496 instituam,
855 2425 889 2481 ut
909 2416 992 2480 intra
1005 2415 1147 2500 singulas
1168 2438 1247 2503 para·

123 2524 261 2610 grapbos
274 2545 331 2611 pro
347 2525 557 2611 epithetorum
571 2523 759 2588 formatione
774 2525 873 2588 factas
887 2524 989 2609 'priori
1005 2545 1133 2609 semper
1147 2523 1248 2609 generi

122 2631 255 2696 alterum
277 2632 381 2695 statim
402 2630 583 2718 adjungam.

204 2737 340 2822 Restat,
362 2751 396 2803 ut
418 2739 456 2803 de
479 2740 608 2804 deorum
630 2740 775 2826 epithetis
798 2762 900 2825 pauca
921 2738 1053 2822 addam3
1075 2739 1155 2804 haec
1175 2738 1248 2803 enim

124 2867 195 2908 cum
216 2846 306 2910 nobis
330 2857 505 2911 ceterorum
527 2848 630 2912 statim
660 2844 958 2934 „descrc'prioormn“
980 2855 1012 2910 et
1037 2843 1248 2933 „ornantium‘

125 2953 313 3017 multitudini
337 2954 476 3020 inserere
497 2957 599 3019 visum
622 2956 678 3039 sit,
710 2955 858 3019 Henseus
893 2953 1020 3041 quidem
1041 2953 1120 3042 ipsis
1148 2973 1249 3041 perso·

124 3061 311 3125 nificationis
326 3062 479 3148 exemplis
494 3056 690 3127 adnumerat.
726 3059 831 3127 Causa
855 3085 910 3126 cur
923 3062 982 3125 hac
1002 3062 1035 3125 in
1055 3083 1092 3125 re
1114 3061 1154 3136 ab
1176 3061 1251 3124 illius

122 3169 307 3232 auctoritate
328 3169 552 3234 recesserimus
580 3170 612 3233 in
636 3193 672 3235 eo
695 3179 743 3234 est
763 3171 887 3257 posita,
923 3168 1009 3254 quod
1030 3190 1113 3255 quae
1134 3177 1251 3232 veteres

124 3276 184 3338 sibi
214 3276 310 3362 vulgo
341 3275 505 3360 fingebant
535 3276 665 3342 deorum
688 3279 895 3361 cogitationes
940 3285 1006 3340 tam
1037 3275 1130 3340 firme
1151 3270 1252 3340 eorum

124 3383 236 3446 animis
256 3393 407 3468 tanquam
421 3384 585 3449 numinum
599 3384 768 3449 humanam
789 3384 922 3470 figuram
937 3382 1122 3448 habentium
1143 3380 1253 3446 infixae

126 3498 230 3572 erant,
253 3497 306 3571 ut,
329 3491 355 3553 si
376 3470 536 3577 epitheton
558 3490 598 3555 ah
619 3491 754 3556 hominis
776 3513 909 3579 corpore
927 3491 979 3555 vel
1000 3491 1107 3555 animo
1129 3489 1252 3579 proprie

124 3596 292 3685 repetitum
311 3597 371 3663 illis
392 3599 619 3683 attribuerent,
652 3598 691 3664 de
723 3622 799 3664 vera
820 3597 1094 3685 personificetione
1120 3621 1174 3665 me
1195 3597 1254 3684 qui·

128 3702 200 3768 dem
224 3704 332 3790 judice
361 3708 414 3771 vix
438 3706 506 3791 jem
534 3709 719 3792 cogitarent
761 3707 813 3773 Ab
846 3708 905 3771 hac
935 3707 1032 3792 igitur
1051 3715 1145 3792 porte
1165 3709 1254 3771 erim

127 3822 234 3898 poeta,
270 3813 413 3900 quisquis
444 3824 514 3897 est,
548 3835 567 3877 a
597 3814 877 3902 personificationis
909 3814 1012 3878 studio
1045 3810 1168 3880 alienus
1198 3814 1254 3879 cxi-

126 3921 297 3985 stimandus
317 3920 450 3986 videtur.

126 4191 184 4241 ctae
211 4189 322 4244 tiaram
336 4191 523 4260 anteprinpmdo
549 4193 683 4262 Ttdts’pher‘t
708 4191 877 4254 wadraeus,
903 4192 959 4243 aad
984 4194 1192 4260 perront'flctnrtd
1216 4191 1257 4256 us

127 4256 289 4398 11128νωῦῳῖζά
294 4260 538 4382 ωἴῖἴήἁῑέηόικ,
556 4263 683 4314 abstracte
700 4261 804 4330 Bepriffe
828 4263 880 4315 und
897 4263 1072 4314 mechaniam
1092 4260 1253 4333 degunt&
