2738 4830
572 422 898 510 -189-'

113 625 213 712 pertis
241 626 396 712 exemplis
424 625 575 712 colligere
604 627 694 691 nobis
715 626 844 706 liceret,
867 633 954 691 certe
974 647 1039 690 non
1060 624 1253 690 mediocrem

113 731 253 798 indolem
281 733 363 797 illius
393 735 551 820 poeticam
582 733 681 798 fuisse
712 733 876 799 fotendum
905 741 998 798 esset
1052 732 1148 798 Nunc
1177 753 1253 798 vero

114 840 211 904 etiem
232 848 398 926 prseteree
420 841 495 905 setis
516 840 610 904 nohis
632 840 706 905 dats
727 849 777 905 est
796 849 939 927 potestus
960 842 1046 905 illem
1066 838 1253 905 admirandi.

112 946 198 1012 Num
230 969 311 1033 quse
332 969 417 1013 nunc
437 947 586 1033 exemplu
606 956 846 1013 enumeraturus
868 969 937 1012 sum
961 946 1092 1012 eudocia
1113 956 1147 1012 et
1160 947 1254 1013 liber-

113 1063 179 1118 tate
200 1053 324 1137 dicendi
346 1063 451 1118 cetere
462 1101 470 1135 ,
504 1075 585 1139 quse
606 1054 770 1141 hucusque
783 1055 955 1137 nominavi,
976 1056 1084 1119 omnis
1103 1075 1254 1140 superare

112 1160 269 1225 videntur.
316 1161 368 1225 An
403 1182 486 1248 quoe
517 1161 619 1244 major
653 1162 786 1245 cogitari
819 1169 925 1248 potest
957 1160 1081 1226 dicendi
1113 1160 1254 1244 audacie,

113 1290 208 1354 quem
231 1289 278 1350 ca,
300 1269 384 1355 quod
407 1270 551 1359 angustis
572 1270 666 1333 unius
687 1269 852 1356 compositi
867 1268 998 1356 epitheti
1020 1269 1136 1334 finibus
1158 1268 1254 1332 totius

114 1374 269 1439 enuntiati
289 1375 340 1440 vel
361 1376 605 1462 praepositionis
637 1397 708 1440 cum
730 1398 806 1441 casu
826 1374 1001 1463 pedisequo
1024 1398 1136 1441 sensus
1157 1375 1255 1440 inclu-

115 1481 227 1546 ditur?
257 1481 342 1547 Nam
375 1483 507 1569 epitheti
535 1505 594 1570 pro
616 1485 766 1569 genetivo
789 1506 879 1548 usum
901 1483 987 1548 houd
1010 1485 1054 1548 ite
1076 1484 1254 1564 extulerim,

113 1589 231 1676 quippe
253 1591 308 1677 qui
330 1589 414 1676 apud
435 1590 590 1677 pedestris
604 1591 701 1655 etiem
716 1591 866 1655 orationis
889 1592 1058 1678 scriptores
1073 1591 1254 1656 invenietur

114 1718 174 1761 nec
189 1697 293 1762 locum
308 1697 410 1762 solum
420 1698 454 1763 in
465 1698 647 1785 compositis
655 1698 770 1763 hebeat
784 1699 940 1784 epithetis,
955 1698 1120 1763 sedetiam
1135 1698 1168 1762 in
1183 1699 1254 1762 sim·

113 1803 257 1890 plicibus.
271 1801 509 1891 Contrepriore
515 1805 569 1870 ille
578 1805 737 1870 artificiosi
745 1805 869 1869 dicendi
876 1828 951 1870 usus
962 1827 1082 1891 genera
1093 1814 1254 1893 posterum

114 1911 215 1974 solum
233 1912 363 1998 propria
381 1921 456 1976 sunt
473 1913 649 1999 sedemque
671 1935 692 1978 s
707 1913 910 2000 simplicibus,
930 1915 1035 1995 credo,
1053 1913 1254 1978 alienissime.

115 2017 255 2084 Omnino
270 2029 377 2084 eutem
392 2020 426 2083 in
444 2028 508 2084 tres
522 2020 617 2104 hujus
632 2021 731 2106 psrtis
747 2021 966 2107 exemplorum
983 2022 1100 2085 classes
1114 2020 1190 2084 mihi
1205 2042 1255 2084 ce·

115 2124 191 2189 dere
213 2125 368 2210 videntur,
389 2148 471 2213 quae
497 2127 537 2192 de
552 2128 651 2191 miros
677 2126 815 2214 quodem
837 2127 1107 2214 breviloquentice
1129 2148 1255 2214 genere,

116 2233 168 2296 cui
189 2235 363 2320 composita
384 2234 509 2301 Graece
531 2256 595 2298 non
625 2256 697 2299 rero
720 2234 907 2317 inserviunt,
937 2233 1102 2301 Michaelis
1123 2234 1254 2314 Breel¹l

115 2340 200 2404 hunc
232 2342 264 2404 in
293 2340 422 2406 modum
458 2342 599 2429 disputet
632 2364 640 2406 ε
676 2365 735 2428 „ors
772 2342 837 2406 scr't
878 2343 1003 2428 quoles
1031 2353 1140 2430 po'e'tes
1166 2365 1256 2431 prece

115 2461 168 2513 ont
195 2462 323 2514 converet
343 2450 404 2513 tire
423 2474 468 2514 crs
494 2451 589 2536 perti
606 2447 784 2514 admirable
815 2448 854 2514 de
875 2462 949 2514 cette
967 2449 1094 2534 saeuite
1114 2448 1153 2514 de
1174 2473 1253 2514 com·

111 2556 268 2641 position,
296 2580 380 2642 poor
412 2557 568 2641 ecfermer
598 2579 636 2621 ec
664 2580 707 2621 co
735 2556 803 2621 secl
831 2569 894 2621 mot
915 2556 999 2622 decu
1019 2556 1104 2621 idees
1122 2557 1253 2642 ferham

113 2676 278 2748 contracte,
300 2677 328 2730 et
345 2664 509 2751 frcppcct
530 2664 651 2751 l’esprit
671 2687 745 2728 avec
766 2663 913 2729 d’aetant
920 2664 1000 2751 plus
1015 2663 1054 2729 de
1072 2664 1163 2748 force
1176 2663 1255 2750 qu'e'l

114 2785 159 2837 est
179 2771 284 2860 οόἰὶρέἱ
299 2771 338 2837 de
358 2785 482 2838 moeses·
503 2773 659 2837 lei-meme
679 2772 708 2837 le
728 2772 801 2853 lien,
823 2771 881 2857 qui
898 2771 943 2836 les
963 2770 1142 2836 assentiet

607 3391 729 3480 CAP.
758 3392 791 3477 Ι.

196 3599 353 3686 Epithets
373 3619 433 3687 pro
454 3602 734 3671 substantivorum
755 3603 920 3687 genetiuis
941 3604 1050 3689 posits
1072 3604 1160 3670 sunt.

199 3785 219 3863 ξ
241 3783 289 3846 81.
332 3780 426 3860 Quod
448 3806 512 3848 non
532 3806 605 3848 raro
621 3785 705 3872 cpud
721 3785 898 3851 Homerum
916 3786 985 3872 jem
1005 3786 1147 3852 accidere
1170 3783 1255 3850 vide·

116 3913 204 3970 mus,
225 3899 261 3955 ut
287 3890 479 3978 adjectivum
503 3914 561 3978 pro
584 3894 737 3978 genetivo
760 3894 948 3958 substantivi
970 3895 1104 3981 positum
1128 3894 1178 3974 sit,
1201 3915 1255 3957 ve-

116 3998 162 4061 lut
194 3999 225 4061 in
260 3998 422 4062 notissimo
454 3992 604 4081 νόστιμον
624 3990 710 4085 ἦμαρ
747 4000 792 4086 (α.
815 4002 860 4084 9),
882 3992 1045 4088 σιδήρειος
1066 3992 1259 4088 ὀρυμαγδός

116 4185 316 4198 ——-—-

189 4299 209 4368 ¹)
228 4301 280 4351 Les
297 4299 369 4351 iddes
387 4302 497 4352 latentes
514 4302 550 4351 du
568 4302 678 4370 longsge
697 4303 781 4377 (Puris
801 4307 876 4370 1868)
895 4320 919 4371 p.
942 4309 978 4357 1⁸.
